<?xml version="1.0" encoding="UTF-8"?>
<!DOCTYPE html PUBLIC "-//W3C//DTD XHTML 1.0 Transitional//EN"
    "http://www.w3.org/TR/xhtml1/DTD/xhtml1-transitional.dtd">
<html xmlns="http://www.w3.org/1999/xhtml" xml:lang="en" lang="en">
 <head>
  <title>
</title>
<meta http-equiv="Content-Type" content="text/html;charset=utf-8" />
  <meta name='ocr-system' content='tesseract 3.04.00' />
  <meta name='ocr-capabilities' content='ocr_page ocr_carea ocr_par ocr_line ocrx_word'/>
</head>
<body>
  <div class='ocr_page' id='page_1' title='image "4770939_0015.png"; bbox 0 0 2834 3402; ppageno 0'>
   <div class='ocr_carea' id='block_1_1' title="bbox 255 351 2519 1564">
    <p class='ocr_par' dir='ltr' id='par_1_1' title="bbox 258 351 2516 652">
     <span class='ocr_line' id='line_1_1' title="bbox 261 351 2516 427; baseline 0.001 -18"><span class='ocrx_word' id='word_1_1' title='bbox 261 359 532 420; x_wconf 85' lang='lat' dir='ltr'><strong>notavimus,</strong></span> <span class='ocrx_word' id='word_1_2' title='bbox 554 355 668 406; x_wconf 80' lang='lat' dir='ltr'><strong>locis</strong></span> <span class='ocrx_word' id='word_1_3' title='bbox 703 356 951 421; x_wconf 81' lang='lat' dir='ltr'><strong>ceterisque</strong></span> <span class='ocrx_word' id='word_1_4' title='bbox 980 354 1184 406; x_wconf 78' lang='lat' dir='ltr'><strong>omnibus</strong></span> <span class='ocrx_word' id='word_1_5' title='bbox 1216 351 1349 420; x_wconf 75' lang='grc' dir='ltr'><em>μηρδς</em></span> <span class='ocrx_word' id='word_1_6' title='bbox 1380 363 1425 406; x_wconf 87' lang='lat' dir='ltr'><strong>et</strong></span> <span class='ocrx_word' id='word_1_7' title='bbox 1455 361 1584 423; x_wconf 79' lang='grc' dir='ltr'><em>μηροὶ</em></span> <span class='ocrx_word' id='word_1_8' title='bbox 1623 357 1804 406; x_wconf 90' lang='lat' dir='ltr'><strong>nonnisi</strong></span> <span class='ocrx_word' id='word_1_9' title='bbox 1835 356 2062 409; x_wconf 83' lang='lat' dir='ltr'><strong>humani</strong></span> <span class='ocrx_word' id='word_1_10' title='bbox 2096 362 2366 423; x_wconf 79' lang='lat' dir='ltr'><strong>corporis</strong></span> <span class='ocrx_word' id='word_1_11' title='bbox 2397 378 2516 427; x_wconf 91' lang='lat' dir='ltr'><strong>par-</strong></span> 
     </span>
     <span class='ocr_line' id='line_1_2' title="bbox 260 431 2514 497; baseline -0.002 -13"><span class='ocrx_word' id='word_1_12' title='bbox 260 441 345 484; x_wconf 86' lang='lat' dir='ltr'><strong>tem</strong></span> <span class='ocrx_word' id='word_1_13' title='bbox 379 434 662 497; x_wconf 60' lang='lat' dir='ltr'><strong>significante</strong></span> <span class='ocrx_word' id='word_1_14' title='bbox 695 439 800 480; x_wconf 87' lang='lat' dir='ltr'><strong>sunt</strong></span> <span class='ocrx_word' id='word_1_15' title='bbox 833 438 981 480; x_wconf 86' lang='lat' dir='ltr'><strong>tamen</strong></span> <span class='ocrx_word' id='word_1_16' title='bbox 1015 438 1124 492; x_wconf 84' lang='lat' dir='ltr'><strong>tres,</strong></span> <span class='ocrx_word' id='word_1_17' title='bbox 1155 431 1318 496; x_wconf 74' lang='lat' dir='ltr'><strong>quibus</strong></span> <span class='ocrx_word' id='word_1_18' title='bbox 1339 433 1525 481; x_wconf 87' lang='lat' dir='ltr'><strong>verbum</strong></span> <span class='ocrx_word' id='word_1_19' title='bbox 1557 434 1646 482; x_wconf 85' lang='lat' dir='ltr'><strong>hoc</strong></span> <span class='ocrx_word' id='word_1_20' title='bbox 1679 434 1957 481; x_wconf 78' lang='lat' dir='ltr'><strong>doctiuscule</strong></span> <span class='ocrx_word' id='word_1_21' title='bbox 1989 437 2186 497; x_wconf 87' lang='lat' dir='ltr'><strong>positum</strong></span> <span class='ocrx_word' id='word_1_22' title='bbox 2224 441 2294 483; x_wconf 81' lang='lat' dir='ltr'><strong>est</strong></span> <span class='ocrx_word' id='word_1_23' title='bbox 2320 436 2375 484; x_wconf 84' lang='lat' dir='ltr'><strong>de</strong></span> <span class='ocrx_word' id='word_1_24' title='bbox 2406 441 2514 487; x_wconf 83' lang='lat' dir='ltr'><strong>ani..</strong></span> 
     </span>
     <span class='ocr_line' id='line_1_3' title="bbox 258 506 2513 573; baseline 0.001 -12"><span class='ocrx_word' id='word_1_25' title='bbox 258 510 479 561; x_wconf 74' lang='grc' dir='ltr'>ιιιιιῙίΙιιιει</span> <span class='ocrx_word' id='word_1_26' title='bbox 520 524 674 557; x_wconf 83' lang='lat' dir='ltr'><strong>verum</strong></span> <span class='ocrx_word' id='word_1_27' title='bbox 716 511 765 556; x_wconf 91' lang='lat' dir='ltr'><strong>in</strong></span> <span class='ocrx_word' id='word_1_28' title='bbox 805 508 876 556; x_wconf 79' lang='lat' dir='ltr'><strong>bis</strong></span> <span class='ocrx_word' id='word_1_29' title='bbox 911 509 1068 569; x_wconf 84' lang='lat' dir='ltr'><strong>agitur</strong></span> <span class='ocrx_word' id='word_1_30' title='bbox 1102 507 1156 554; x_wconf 86' lang='lat' dir='ltr'><strong>de</strong></span> <span class='ocrx_word' id='word_1_31' title='bbox 1190 506 1302 555; x_wconf 78' lang='lat' dir='ltr'><strong>solis</strong></span> <span class='ocrx_word' id='word_1_32' title='bbox 1336 510 1479 557; x_wconf 74' lang='lat' dir='ltr'><strong>sacris</strong></span> <span class='ocrx_word' id='word_1_33' title='bbox 1512 510 1761 569; x_wconf 82' lang='lat' dir='ltr'><strong>faciundis,</strong></span> <span class='ocrx_word' id='word_1_34' title='bbox 1805 525 1938 573; x_wconf 82' lang='lat' dir='ltr'><strong>quam</strong></span> <span class='ocrx_word' id='word_1_35' title='bbox 1983 510 2040 557; x_wconf 92' lang='lat' dir='ltr'><strong>ob</strong></span> <span class='ocrx_word' id='word_1_36' title='bbox 2079 529 2173 560; x_wconf 88' lang='lat' dir='ltr'><strong>rem</strong></span> <span class='ocrx_word' id='word_1_37' title='bbox 2216 528 2419 562; x_wconf 80' lang='lat' dir='ltr'><strong>seorsum</strong></span> <span class='ocrx_word' id='word_1_38' title='bbox 2457 516 2513 563; x_wconf 90' lang='lat' dir='ltr'><strong>de</strong></span> 
     </span>
     <span class='ocr_line' id='line_1_4' title="bbox 258 582 1269 652; baseline -0.006 -15"><span class='ocrx_word' id='word_1_39' title='bbox 258 587 477 652; x_wconf 76' lang='lat' dir='ltr'><strong>peculiari</strong></span> <span class='ocrx_word' id='word_1_40' title='bbox 507 584 594 635; x_wconf 85' lang='lat' dir='ltr'><strong>hoc</strong></span> <span class='ocrx_word' id='word_1_41' title='bbox 624 586 752 633; x_wconf 80' lang='lat' dir='ltr'><strong>vocis</strong></span> <span class='ocrx_word' id='word_1_42' title='bbox 785 599 874 632; x_wconf 81' lang='lat' dir='ltr'><strong>usu</strong></span> <span class='ocrx_word' id='word_1_43' title='bbox 905 582 1137 632; x_wconf 85' lang='lat' dir='ltr'><strong>dicendum</strong></span> <span class='ocrx_word' id='word_1_44' title='bbox 1172 585 1269 632; x_wconf 84' lang='lat' dir='ltr'><strong>erit.</strong></span> 
     </span>
    </p>

    <p class='ocr_par' dir='ltr' id='par_1_2' title="bbox 256 659 2519 952">
     <span class='ocr_line' id='line_1_5' title="bbox 383 659 2517 752; baseline 0.002 -42.012"><span class='ocrx_word' id='word_1_45' title='bbox 383 662 535 724; x_wconf 80' lang='lat' dir='ltr'><strong>Quum</strong></span> <span class='ocrx_word' id='word_1_46' title='bbox 568 662 712 725; x_wconf 78' lang='lat' dir='ltr'><strong>igitur</strong></span> <span class='ocrx_word' id='word_1_47' title='bbox 745 659 1096 710; x_wconf 84' lang='lat' dir='ltr'><strong>demonstratum</strong></span> <span class='ocrx_word' id='word_1_48' title='bbox 1140 661 1224 722; x_wconf 82' lang='lat' dir='ltr'><strong>sit,</strong></span> <span class='ocrx_word' id='word_1_49' title='bbox 1265 677 1424 725; x_wconf 78' lang='grc' dir='ltr'><em>μηρους</em></span> <span class='ocrx_word' id='word_1_50' title='bbox 1466 660 1726 724; x_wconf 81' lang='lat' dir='ltr'><strong>significare</strong></span> <span class='ocrx_word' id='word_1_51' title='bbox 1767 663 1943 711; x_wconf 84' lang='lat' dir='ltr'><strong>femora</strong></span> <span class='ocrx_word' id='word_1_52' title='bbox 1978 664 2182 752; x_wconf 81' lang='lat' dir='ltr'><strong>corporis</strong></span> <span class='ocrx_word' id='word_1_53' title='bbox 2221 664 2428 727; x_wconf 80' lang='lat' dir='ltr'><strong>humani,</strong></span> <span class='ocrx_word' id='word_1_54' title='bbox 2470 665 2517 715; x_wconf 74' lang='grc' dir='ltr'><strong>τὸ</strong></span> 
     </span>
     <span class='ocr_line' id='line_1_6' title="bbox 256 737 2519 802; baseline 0.001 -15"><span class='ocrx_word' id='word_1_55' title='bbox 256 739 405 802; x_wconf 74' lang='grc' dir='ltr'><em>μηρίον</em></span> <span class='ocrx_word' id='word_1_56' title='bbox 435 744 585 787; x_wconf 89' lang='lat' dir='ltr'><strong>autem</strong></span> <span class='ocrx_word' id='word_1_57' title='bbox 631 752 731 785; x_wconf 82' lang='lat' dir='ltr'><strong>esse</strong></span> <span class='ocrx_word' id='word_1_58' title='bbox 763 753 920 786; x_wconf 87' lang='lat' dir='ltr'><strong>vocem</strong></span> <span class='ocrx_word' id='word_1_59' title='bbox 963 737 1279 786; x_wconf 72' lang='lat' dir='ltr'><strong>deminutivum</strong></span> <span class='ocrx_word' id='word_1_60' title='bbox 1325 737 1658 798; x_wconf 73' lang='lat' dir='ltr'><strong>docuerimus,</strong></span> <span class='ocrx_word' id='word_1_61' title='bbox 1676 740 1903 802; x_wconf 80' lang='lat' dir='ltr'><strong>sequitur,</strong></span> <span class='ocrx_word' id='word_1_62' title='bbox 1946 745 1997 786; x_wconf 80' lang='lat' dir='ltr'><strong>ut</strong></span> <span class='ocrx_word' id='word_1_63' title='bbox 2027 737 2077 787; x_wconf 77' lang='grc' dir='ltr'><strong>τὰ</strong></span> <span class='ocrx_word' id='word_1_64' title='bbox 2102 741 2252 802; x_wconf 75' lang='grc' dir='ltr'><em>μηρίον</em></span> <span class='ocrx_word' id='word_1_65' title='bbox 2280 744 2338 790; x_wconf 88' lang='lat' dir='ltr'><strong>sit</strong></span> <span class='ocrx_word' id='word_1_66' title='bbox 2369 744 2519 790; x_wconf 78' lang='lat' dir='ltr'><strong>femur</strong></span> 
     </span>
     <span class='ocr_line' id='line_1_7' title="bbox 257 812 2519 879; baseline 0.002 -16"><span class='ocrx_word' id='word_1_67' title='bbox 257 818 419 875; x_wconf 85' lang='lat' dir='ltr'><strong>tenue,</strong></span> <span class='ocrx_word' id='word_1_68' title='bbox 463 815 523 863; x_wconf 81' lang='lat' dir='ltr'><strong>sit</strong></span> <span class='ocrx_word' id='word_1_69' title='bbox 558 828 608 862; x_wconf 83' lang='lat' dir='ltr'><strong>os</strong></span> <span class='ocrx_word' id='word_1_70' title='bbox 642 812 778 873; x_wconf 89' lang='lat' dir='ltr'><strong>illud,</strong></span> <span class='ocrx_word' id='word_1_71' title='bbox 822 812 945 877; x_wconf 78' lang='lat' dir='ltr'><strong>quod</strong></span> <span class='ocrx_word' id='word_1_72' title='bbox 975 814 1024 862; x_wconf 90' lang='lat' dir='ltr'><strong>in</strong></span> <span class='ocrx_word' id='word_1_73' title='bbox 1056 814 1265 862; x_wconf 86' lang='lat' dir='ltr'><strong>interiore</strong></span> <span class='ocrx_word' id='word_1_74' title='bbox 1297 814 1467 863; x_wconf 81' lang='lat' dir='ltr'><strong>femore</strong></span> <span class='ocrx_word' id='word_1_75' title='bbox 1497 830 1580 877; x_wconf 87' lang='lat' dir='ltr'><strong>per</strong></span> <span class='ocrx_word' id='word_1_76' title='bbox 1611 819 1753 863; x_wconf 88' lang='lat' dir='ltr'><strong>totam</strong></span> <span class='ocrx_word' id='word_1_77' title='bbox 1787 816 1885 864; x_wconf 82' lang='lat' dir='ltr'><strong>eius</strong></span> <span class='ocrx_word' id='word_1_78' title='bbox 1919 815 2250 878; x_wconf 80' lang='lat' dir='ltr'><strong>longitudinem</strong></span> <span class='ocrx_word' id='word_1_79' title='bbox 2281 820 2519 879; x_wconf 86' lang='lat' dir='ltr'><strong>procurrit.</strong></span> 
     </span>
     <span class='ocr_line' id='line_1_8' title="bbox 256 888 1745 952; baseline 0.001 -15"><span class='ocrx_word' id='word_1_80' title='bbox 256 889 490 939; x_wconf 80' lang='lat' dir='ltr'><strong>Invenitur</strong></span> <span class='ocrx_word' id='word_1_81' title='bbox 522 895 672 938; x_wconf 86' lang='lat' dir='ltr'><strong>autem</strong></span> <span class='ocrx_word' id='word_1_82' title='bbox 706 889 829 951; x_wconf 86' lang='lat' dir='ltr'><strong>apud</strong></span> <span class='ocrx_word' id='word_1_83' title='bbox 861 888 1102 937; x_wconf 84' lang='lat' dir='ltr'><strong>Homerum</strong></span> <span class='ocrx_word' id='word_1_84' title='bbox 1135 903 1319 937; x_wconf 88' lang='lat' dir='ltr'><strong>numero</strong></span> <span class='ocrx_word' id='word_1_85' title='bbox 1334 906 1337 909; x_wconf 50' lang='lat'><strong>⁴</strong></span> <span class='ocrx_word' id='word_1_86' title='bbox 1353 894 1526 937; x_wconf 86' lang='lat' dir='ltr'><strong>tantum</strong></span> <span class='ocrx_word' id='word_1_87' title='bbox 1558 889 1745 952; x_wconf 83' lang='lat' dir='ltr'><strong>plurali.</strong></span> 
     </span>
    </p>

    <p class='ocr_par' dir='ltr' id='par_1_3' title="bbox 255 963 2519 1484">
     <span class='ocr_line' id='line_1_9' title="bbox 386 963 2519 1028; baseline 0.002 -14"><span class='ocrx_word' id='word_1_88' title='bbox 386 964 519 1014; x_wconf 83' lang='lat' dir='ltr'><strong>Hanc</strong></span> <span class='ocrx_word' id='word_1_89' title='bbox 543 966 639 1013; x_wconf 87' lang='lat' dir='ltr'><strong>eius</strong></span> <span class='ocrx_word' id='word_1_90' title='bbox 659 963 876 1013; x_wconf 79' lang='lat' dir='ltr'><strong>vocabuli</strong></span> <span class='ocrx_word' id='word_1_91' title='bbox 910 964 1300 1026; x_wconf 73' lang='lat' dir='ltr'><strong>significationem,</strong></span> <span class='ocrx_word' id='word_1_92' title='bbox 1326 979 1458 1028; x_wconf 82' lang='lat' dir='ltr'><strong>quam</strong></span> <span class='ocrx_word' id='word_1_93' title='bbox 1495 981 1552 1013; x_wconf 88' lang='lat' dir='ltr'><strong>ex</strong></span> <span class='ocrx_word' id='word_1_94' title='bbox 1575 971 1727 1028; x_wconf 84' lang='lat' dir='ltr'><strong>etymo</strong></span> <span class='ocrx_word' id='word_1_95' title='bbox 1762 971 1807 1014; x_wconf 89' lang='lat' dir='ltr'><strong>ct</strong></span> <span class='ocrx_word' id='word_1_96' title='bbox 1830 967 2008 1028; x_wconf 85' lang='lat' dir='ltr'><strong>origine</strong></span> <span class='ocrx_word' id='word_1_97' title='bbox 2030 967 2157 1014; x_wconf 90' lang='lat' dir='ltr'><strong>vocis</strong></span> <span class='ocrx_word' id='word_1_98' title='bbox 2190 982 2345 1015; x_wconf 87' lang='lat' dir='ltr'><strong>eruere</strong></span> <span class='ocrx_word' id='word_1_99' title='bbox 2373 985 2519 1018; x_wconf 90' lang='lat' dir='ltr'><strong>cona-</strong></span> 
     </span>
     <span class='ocr_line' id='line_1_10' title="bbox 258 1039 2518 1107; baseline 0.003 -20"><span class='ocrx_word' id='word_1_100' title='bbox 258 1045 333 1089; x_wconf 79' lang='lat' dir='ltr'><strong>tus</strong></span> <span class='ocrx_word' id='word_1_101' title='bbox 365 1057 480 1101; x_wconf 86' lang='lat' dir='ltr'><strong>sum,</strong></span> <span class='ocrx_word' id='word_1_102' title='bbox 506 1039 659 1089; x_wconf 72' lang='lat' dir='ltr'><strong>solam</strong></span> <span class='ocrx_word' id='word_1_103' title='bbox 691 1046 868 1089; x_wconf 88' lang='lat' dir='ltr'><strong>veteres</strong></span> <span class='ocrx_word' id='word_1_104' title='bbox 902 1042 1185 1103; x_wconf 78' lang='lat' dir='ltr'><strong>grammatici</strong></span> <span class='ocrx_word' id='word_1_105' title='bbox 1206 1056 1371 1089; x_wconf 83' lang='lat' dir='ltr'><strong>omnes</strong></span> <span class='ocrx_word' id='word_1_106' title='bbox 1406 1039 1716 1103; x_wconf 84' lang='lat' dir='ltr'><strong>comprobant,</strong></span> <span class='ocrx_word' id='word_1_107' title='bbox 1749 1057 1895 1105; x_wconf 78' lang='lat' dir='ltr'><strong>neque</strong></span> <span class='ocrx_word' id='word_1_108' title='bbox 1932 1058 2125 1106; x_wconf 80' lang='lat' dir='ltr'><strong>usquam</strong></span> <span class='ocrx_word' id='word_1_109' title='bbox 2159 1043 2252 1091; x_wconf 86' lang='lat' dir='ltr'><strong>alia</strong></span> <span class='ocrx_word' id='word_1_110' title='bbox 2285 1046 2408 1107; x_wconf 86' lang='lat' dir='ltr'><strong>apud</strong></span> <span class='ocrx_word' id='word_1_111' title='bbox 2438 1063 2518 1095; x_wconf 85' lang='lat' dir='ltr'><strong>eos</strong></span> 
     </span>
     <span class='ocr_line' id='line_1_11' title="bbox 259 1114 2518 1181; baseline 0.003 -16"><span class='ocrx_word' id='word_1_112' title='bbox 259 1121 305 1165; x_wconf 92' lang='lat' dir='ltr'><strong>et</strong></span> <span class='ocrx_word' id='word_1_113' title='bbox 338 1117 520 1167; x_wconf 90' lang='lat' dir='ltr'><strong>diversa</strong></span> <span class='ocrx_word' id='word_1_114' title='bbox 552 1118 743 1166; x_wconf 87' lang='lat' dir='ltr'><strong>inveniri</strong></span> <span class='ocrx_word' id='word_1_115' title='bbox 774 1122 926 1181; x_wconf 87' lang='lat' dir='ltr'><strong>potest</strong></span> <span class='ocrx_word' id='word_1_116' title='bbox 960 1116 1218 1181; x_wconf 87' lang='lat' dir='ltr'><strong>explicatio.</strong></span> <span class='ocrx_word' id='word_1_117' title='bbox 1274 1114 1435 1165; x_wconf 83' lang='lat' dir='ltr'><strong>omnia</strong></span> <span class='ocrx_word' id='word_1_118' title='bbox 1469 1119 1788 1166; x_wconf 79' lang='lat' dir='ltr'><strong>commentaria</strong></span> <span class='ocrx_word' id='word_1_119' title='bbox 1820 1116 1879 1167; x_wconf 88' lang='lat' dir='ltr'><strong>ab</strong></span> <span class='ocrx_word' id='word_1_120' title='bbox 1913 1119 1968 1167; x_wconf 82' lang='lat' dir='ltr'><strong>iis</strong></span> <span class='ocrx_word' id='word_1_121' title='bbox 2004 1121 2254 1180; x_wconf 86' lang='lat' dir='ltr'><strong>composita</strong></span> <span class='ocrx_word' id='word_1_122' title='bbox 2283 1136 2518 1171; x_wconf 81' lang='lat' dir='ltr'><strong>recensere</strong></span> 
     </span>
     <span class='ocr_line' id='line_1_12' title="bbox 258 1190 2518 1259; baseline 0.004 -19"><span class='ocrx_word' id='word_1_123' title='bbox 258 1197 304 1240; x_wconf 87' lang='lat' dir='ltr'><strong>et</strong></span> <span class='ocrx_word' id='word_1_124' title='bbox 331 1191 522 1257; x_wconf 85' lang='lat' dir='ltr'><strong>longum</strong></span> <span class='ocrx_word' id='word_1_125' title='bbox 554 1197 623 1241; x_wconf 91' lang='lat' dir='ltr'><strong>est</strong></span> <span class='ocrx_word' id='word_1_126' title='bbox 654 1196 699 1241; x_wconf 89' lang='lat' dir='ltr'><strong>et</strong></span> <span class='ocrx_word' id='word_1_127' title='bbox 730 1194 881 1258; x_wconf 86' lang='lat' dir='ltr'><strong>piget,</strong></span> <span class='ocrx_word' id='word_1_128' title='bbox 915 1208 1049 1259; x_wconf 83' lang='lat' dir='ltr'><strong>quum</strong></span> <span class='ocrx_word' id='word_1_129' title='bbox 1076 1192 1340 1257; x_wconf 85' lang='lat' dir='ltr'><strong>praesertim</strong></span> <span class='ocrx_word' id='word_1_130' title='bbox 1371 1190 1531 1240; x_wconf 88' lang='lat' dir='ltr'><strong>barum</strong></span> <span class='ocrx_word' id='word_1_131' title='bbox 1563 1207 1712 1241; x_wconf 88' lang='lat' dir='ltr'><strong>rerum</strong></span> <span class='ocrx_word' id='word_1_132' title='bbox 1745 1192 1938 1243; x_wconf 82' lang='lat' dir='ltr'><strong>studiosi</strong></span> <span class='ocrx_word' id='word_1_133' title='bbox 1969 1193 2186 1243; x_wconf 76' lang='lat' dir='ltr'><strong>facillime</strong></span> <span class='ocrx_word' id='word_1_134' title='bbox 2221 1210 2276 1243; x_wconf 91' lang='lat' dir='ltr'><strong>ea</strong></span> <span class='ocrx_word' id='word_1_135' title='bbox 2307 1197 2518 1249; x_wconf 90' lang='lat' dir='ltr'><strong>evolvere</strong></span> 
     </span>
     <span class='ocr_line' id='line_1_13' title="bbox 255 1268 2516 1357; baseline 0.002 -39"><span class='ocrx_word' id='word_1_136' title='bbox 255 1271 447 1331; x_wconf 84' lang='lat' dir='ltr'><strong>possint.</strong></span> <span class='ocrx_word' id='word_1_137' title='bbox 512 1270 664 1328; x_wconf 82' lang='lat' dir='ltr'><strong>Quare</strong></span> <span class='ocrx_word' id='word_1_138' title='bbox 695 1275 966 1332; x_wconf 87' lang='lat' dir='ltr'><strong>argumento</strong></span> <span class='ocrx_word' id='word_1_139' title='bbox 1001 1272 1061 1317; x_wconf 90' lang='lat' dir='ltr'><strong>sit</strong></span> <span class='ocrx_word' id='word_1_140' title='bbox 1093 1275 1266 1316; x_wconf 87' lang='lat' dir='ltr'><strong>tantum</strong></span> <span class='ocrx_word' id='word_1_141' title='bbox 1281 1268 1602 1357; x_wconf 33' lang='lat' dir='ltr'><strong>,Apollonium</strong></span> <span class='ocrx_word' id='word_1_142' title='bbox 1635 1272 1712 1332; x_wconf 83' lang='lat' dir='ltr'><strong>qui</strong></span> <span class='ocrx_word' id='word_1_143' title='bbox 1744 1273 1790 1318; x_wconf 91' lang='lat' dir='ltr'><strong>in</strong></span> <span class='ocrx_word' id='word_1_144' title='bbox 1823 1272 1971 1319; x_wconf 83' lang='lat' dir='ltr'><strong>lexico</strong></span> <span class='ocrx_word' id='word_1_145' title='bbox 2006 1287 2091 1319; x_wconf 89' lang='lat' dir='ltr'><strong>suo</strong></span> <span class='ocrx_word' id='word_1_146' title='bbox 2129 1272 2366 1321; x_wconf 84' lang='lat' dir='ltr'><strong>Homerico</strong></span> <span class='ocrx_word' id='word_1_147' title='bbox 2397 1290 2439 1323; x_wconf 88' lang='lat' dir='ltr'><strong>s.</strong></span> <span class='ocrx_word' id='word_1_148' title='bbox 2469 1292 2516 1322; x_wconf 88' lang='lat' dir='ltr'><strong>v.</strong></span> 
     </span>
     <span class='ocr_line' id='line_1_14' title="bbox 256 1340 2518 1416; baseline -0.001 -21"><span class='ocrx_word' id='word_1_149' title='bbox 256 1347 412 1409; x_wconf 84' lang='grc' dir='ltr'><em>Μηρία</em></span> <span class='ocrx_word' id='word_1_150' title='bbox 444 1347 648 1409; x_wconf 82' lang='lat' dir='ltr'><strong>scripsit·</strong></span> <span class='ocrx_word' id='word_1_151' title='bbox 683 1342 772 1404; x_wconf 71' lang='grc' dir='ltr'><strong>Οὐχ</strong></span> <span class='ocrx_word' id='word_1_152' title='bbox 798 1343 857 1399; x_wconf 78' lang='grc' dir='ltr'><strong>οἷς</strong></span> <span class='ocrx_word' id='word_1_153' title='bbox 884 1343 1026 1407; x_wconf 80' lang='grc' dir='ltr'><em>ἡμεῖς,</em></span> <span class='ocrx_word' id='word_1_154' title='bbox 1055 1340 1165 1391; x_wconf 76' lang='grc' dir='ltr'><em>ἄλλα</em></span> <span class='ocrx_word' id='word_1_155' title='bbox 1191 1341 1247 1391; x_wconf 68' lang='lat' dir='ltr'><strong>vc?</strong></span> <span class='ocrx_word' id='word_1_156' title='bbox 1275 1342 1321 1391; x_wconf 80' lang='grc' dir='ltr'><strong>ἐκ</strong></span> <span class='ocrx_word' id='word_1_157' title='bbox 1345 1345 1427 1390; x_wconf 74' lang='grc' dir='ltr'><strong>τῶν</strong></span> <span class='ocrx_word' id='word_1_158' title='bbox 1451 1345 1594 1406; x_wconf 80' lang='grc' dir='ltr'><em>μηρῶν</em></span> <span class='ocrx_word' id='word_1_159' title='bbox 1621 1342 1895 1408; x_wconf 76' lang='grc' dir='ltr'><em>ἐξαιρούμενα</em></span> <span class='ocrx_word' id='word_1_160' title='bbox 1919 1350 1993 1395; x_wconf 76' lang='grc' dir='ltr'><strong>καὶ</strong></span> <span class='ocrx_word' id='word_1_161' title='bbox 2018 1344 2378 1411; x_wconf 70' lang='grc' dir='ltr'><em>ἱεροθυμούμενα,</em></span> <span class='ocrx_word' id='word_1_162' title='bbox 2412 1352 2518 1416; x_wconf 73' lang='lat' dir='ltr'><strong>qui.</strong></span> 
     </span>
     <span class='ocr_line' id='line_1_15' title="bbox 255 1415 1173 1484; baseline -0.002 -17"><span class='ocrx_word' id='word_1_163' title='bbox 255 1421 343 1468; x_wconf 86' lang='lat' dir='ltr'><strong>bus</strong></span> <span class='ocrx_word' id='word_1_164' title='bbox 375 1421 528 1470; x_wconf 89' lang='lat' dir='ltr'><strong>verbis</strong></span> <span class='ocrx_word' id='word_1_165' title='bbox 562 1420 819 1484; x_wconf 82' lang='lat' dir='ltr'><strong>Hesychius</strong></span> <span class='ocrx_word' id='word_1_166' title='bbox 854 1420 1028 1467; x_wconf 81' lang='lat' dir='ltr'><strong>addidit</strong></span> <span class='ocrx_word' id='word_1_167' title='bbox 1058 1415 1173 1466; x_wconf 79' lang='grc' dir='ltr'><em>ὀστᾶ.</em></span> 
     </span>
    </p>

    <p class='ocr_par' dir='ltr' id='par_1_4' title="bbox 387 1451 2517 1564">
     <span class='ocr_line' id='line_1_16' title="bbox 387 1451 2517 1564; baseline 0.003 -21"><span class='ocrx_word' id='word_1_168' title='bbox 387 1498 534 1554; x_wconf 81' lang='lat' dir='ltr'><strong>Quum</strong></span> <span class='ocrx_word' id='word_1_169' title='bbox 578 1501 727 1543; x_wconf 89' lang='lat' dir='ltr'><strong>autem</strong></span> <span class='ocrx_word' id='word_1_170' title='bbox 769 1494 1043 1542; x_wconf 84' lang='lat' dir='ltr'><strong>vocabulum</strong></span> <span class='ocrx_word' id='word_1_171' title='bbox 1088 1493 1202 1541; x_wconf 91' lang='lat' dir='ltr'><strong>illud</strong></span> <span class='ocrx_word' id='word_1_172' title='bbox 1246 1494 1301 1539; x_wconf 89' lang='lat' dir='ltr'><strong>de</strong></span> <span class='ocrx_word' id='word_1_173' title='bbox 1340 1496 1482 1542; x_wconf 81' lang='lat' dir='ltr'><strong>sacris</strong></span> <span class='ocrx_word' id='word_1_174' title='bbox 1527 1451 1752 1542; x_wconf 86' lang='lat' dir='ltr'><strong>faciundis</strong></span> <span class='ocrx_word' id='word_1_175' title='bbox 1795 1497 2009 1543; x_wconf 90' lang='lat' dir='ltr'><strong>utendum</strong></span> <span class='ocrx_word' id='word_1_176' title='bbox 2049 1498 2238 1546; x_wconf 89' lang='lat' dir='ltr'><strong>solenne</strong></span> <span class='ocrx_word' id='word_1_177' title='bbox 2281 1508 2423 1564; x_wconf 88' lang='lat' dir='ltr'><strong>esset,</strong></span> <span class='ocrx_word' id='word_1_178' title='bbox 2467 1510 2517 1550; x_wconf 90' lang='lat' dir='ltr'><strong>ut</strong></span> 
     </span>
    </p>
   </div>
   <div class='ocr_carea' id='block_1_2' title="bbox 255 1554 2523 2722">
    <p class='ocr_par' dir='ltr' id='par_1_5' title="bbox 255 1554 2516 1850">
     <span class='ocr_line' id='line_1_17' title="bbox 256 1554 2516 1638; baseline 0.003 -16"><span class='ocrx_word' id='word_1_179' title='bbox 256 1575 441 1637; x_wconf 80' lang='lat' dir='ltr'><strong>saepius</strong></span> <span class='ocrx_word' id='word_1_180' title='bbox 474 1571 547 1621; x_wconf 85' lang='lat' dir='ltr'><strong>bis</strong></span> <span class='ocrx_word' id='word_1_181' title='bbox 579 1574 625 1620; x_wconf 89' lang='lat' dir='ltr'><strong>in</strong></span> <span class='ocrx_word' id='word_1_182' title='bbox 658 1554 795 1620; x_wconf 78' lang='lat' dir='ltr'><strong>rebus</strong></span> <span class='ocrx_word' id='word_1_183' title='bbox 830 1587 916 1618; x_wconf 88' lang='lat' dir='ltr'><strong>usu</strong></span> <span class='ocrx_word' id='word_1_184' title='bbox 948 1572 1095 1628; x_wconf 87' lang='lat' dir='ltr'><strong>venit,</strong></span> <span class='ocrx_word' id='word_1_185' title='bbox 1139 1585 1198 1616; x_wconf 84' lang='lat' dir='ltr'><strong>ex</strong></span> <span class='ocrx_word' id='word_1_186' title='bbox 1230 1569 1579 1618; x_wconf 86' lang='lat' dir='ltr'><strong>sacrificantium</strong></span> <span class='ocrx_word' id='word_1_187' title='bbox 1615 1573 1774 1619; x_wconf 90' lang='lat' dir='ltr'><strong>animis</strong></span> <span class='ocrx_word' id='word_1_188' title='bbox 1807 1573 2024 1621; x_wconf 83' lang='lat' dir='ltr'><strong>facillime</strong></span> <span class='ocrx_word' id='word_1_189' title='bbox 2055 1578 2205 1637; x_wconf 90' lang='lat' dir='ltr'><strong>potuit</strong></span> <span class='ocrx_word' id='word_1_190' title='bbox 2238 1577 2379 1638; x_wconf 81' lang='lat' dir='ltr'><strong>elabi,</strong></span> <span class='ocrx_word' id='word_1_191' title='bbox 2414 1595 2516 1629; x_wconf 88' lang='lat' dir='ltr'><strong>esse</strong></span> 
     </span>
     <span class='ocr_line' id='line_1_18' title="bbox 255 1643 2516 1721; baseline 0.001 -23"><span class='ocrx_word' id='word_1_192' title='bbox 255 1652 390 1713; x_wconf 79' lang='grc' dir='ltr'><em>μηρία</em></span> <span class='ocrx_word' id='word_1_193' title='bbox 416 1664 573 1699; x_wconf 86' lang='lat' dir='ltr'><strong>vocem</strong></span> <span class='ocrx_word' id='word_1_194' title='bbox 608 1649 947 1707; x_wconf 76' lang='lat' dir='ltr'><strong>deminutivum,</strong></span> <span class='ocrx_word' id='word_1_195' title='bbox 978 1661 1122 1710; x_wconf 84' lang='lat' dir='ltr'><strong>eaque</strong></span> <span class='ocrx_word' id='word_1_196' title='bbox 1156 1643 1260 1692; x_wconf 86' lang='lat' dir='ltr'><strong>sola</strong></span> <span class='ocrx_word' id='word_1_197' title='bbox 1291 1646 1471 1694; x_wconf 87' lang='lat' dir='ltr'><strong>ratione</strong></span> <span class='ocrx_word' id='word_1_198' title='bbox 1504 1648 1625 1708; x_wconf 88' lang='lat' dir='ltr'><strong>scio,</strong></span> <span class='ocrx_word' id='word_1_199' title='bbox 1671 1650 1778 1712; x_wconf 78' lang='lat' dir='ltr'><strong>quid</strong></span> <span class='ocrx_word' id='word_1_200' title='bbox 1810 1649 1897 1698; x_wconf 90' lang='lat' dir='ltr'><strong>sibi</strong></span> <span class='ocrx_word' id='word_1_201' title='bbox 1923 1650 2037 1698; x_wconf 88' lang='lat' dir='ltr'><strong>velit</strong></span> <span class='ocrx_word' id='word_1_202' title='bbox 2068 1651 2395 1716; x_wconf 85' lang='lat' dir='ltr'><strong>Buttmannus,</strong></span> <span class='ocrx_word' id='word_1_203' title='bbox 2430 1659 2516 1721; x_wconf 70' lang='lat' dir='ltr'><strong>qui</strong></span> 
     </span>
     <span class='ocr_line' id='line_1_19' title="bbox 255 1723 2516 1790; baseline 0.003 -16"><span class='ocrx_word' id='word_1_204' title='bbox 255 1728 304 1773; x_wconf 88' lang='lat' dir='ltr'><strong>in</strong></span> <span class='ocrx_word' id='word_1_205' title='bbox 338 1725 489 1774; x_wconf 83' lang='lat' dir='ltr'><strong>Gram.</strong></span> <span class='ocrx_word' id='word_1_206' title='bbox 523 1741 679 1788; x_wconf 88' lang='lat' dir='ltr'><strong>graec.</strong></span> <span class='ocrx_word' id='word_1_207' title='bbox 715 1727 819 1772; x_wconf 87' lang='lat' dir='ltr'><strong>mai.</strong></span> <span class='ocrx_word' id='word_1_208' title='bbox 851 1725 918 1783; x_wconf 86' lang='lat'><strong>11,</strong></span> <span class='ocrx_word' id='word_1_209' title='bbox 963 1727 1008 1771; x_wconf 80' lang='lat'><strong>2.</strong></span> <span class='ocrx_word' id='word_1_210' title='bbox 1043 1724 1093 1782; x_wconf 71' lang='lat' dir='ltr'><strong>S.</strong></span> <span class='ocrx_word' id='word_1_211' title='bbox 1130 1723 1237 1769; x_wconf 83' lang='lat'><strong>119.</strong></span> <span class='ocrx_word' id='word_1_212' title='bbox 1270 1727 1365 1768; x_wconf 89' lang='lat' dir='ltr'><strong>not.</strong></span> <span class='ocrx_word' id='word_1_213' title='bbox 1401 1724 1478 1770; x_wconf 85' lang='lat'><strong>31.</strong></span> <span class='ocrx_word' id='word_1_214' title='bbox 1508 1726 1598 1784; x_wconf 88' lang='lat' dir='ltr'><strong>ait,</strong></span> <span class='ocrx_word' id='word_1_215' title='bbox 1641 1727 1792 1788; x_wconf 81' lang='grc' dir='ltr'><em>μηρίον</em></span> <span class='ocrx_word' id='word_1_216' title='bbox 1827 1742 1919 1773; x_wconf 88' lang='grc' dir='ltr'>ιιοιι</span> <span class='ocrx_word' id='word_1_217' title='bbox 1951 1743 2063 1790; x_wconf 89' lang='lat' dir='ltr'><strong>prae</strong></span> <span class='ocrx_word' id='word_1_218' title='bbox 2095 1744 2147 1776; x_wconf 91' lang='lat' dir='ltr'><strong>se</strong></span> <span class='ocrx_word' id='word_1_219' title='bbox 2179 1731 2296 1777; x_wconf 86' lang='lat' dir='ltr'><strong>ferre</strong></span> <span class='ocrx_word' id='word_1_220' title='bbox 2328 1732 2516 1780; x_wconf 80' lang='lat' dir='ltr'><strong>formam</strong></span> 
     </span>
     <span class='ocr_line' id='line_1_20' title="bbox 258 1801 590 1850; baseline 0 -2"><span class='ocrx_word' id='word_1_221' title='bbox 258 1801 590 1850; x_wconf 80' lang='lat' dir='ltr'><strong>deminutivum.</strong></span> 
     </span>
    </p>

    <p class='ocr_par' dir='ltr' id='par_1_6' title="bbox 255 1873 2518 2164">
     <span class='ocr_line' id='line_1_21' title="bbox 385 1873 2517 1939; baseline 0 -15"><span class='ocrx_word' id='word_1_222' title='bbox 385 1876 604 1936; x_wconf 85' lang='lat' dir='ltr'><strong>Eandem,</strong></span> <span class='ocrx_word' id='word_1_223' title='bbox 640 1890 772 1939; x_wconf 85' lang='lat' dir='ltr'><strong>quam</strong></span> <span class='ocrx_word' id='word_1_224' title='bbox 804 1876 908 1922; x_wconf 89' lang='lat' dir='ltr'><strong>voci</strong></span> <span class='ocrx_word' id='word_1_225' title='bbox 938 1875 1085 1936; x_wconf 81' lang='grc' dir='ltr'><em>μηρίον</em></span> <span class='ocrx_word' id='word_1_226' title='bbox 1116 1874 1255 1933; x_wconf 88' lang='lat' dir='ltr'><strong>locis,</strong></span> <span class='ocrx_word' id='word_1_227' title='bbox 1288 1887 1402 1937; x_wconf 82' lang='lat' dir='ltr'><strong>quos</strong></span> <span class='ocrx_word' id='word_1_228' title='bbox 1438 1875 1598 1933; x_wconf 86' lang='lat' dir='ltr'><strong>citavi,</strong></span> <span class='ocrx_word' id='word_1_229' title='bbox 1627 1873 1877 1923; x_wconf 82' lang='lat' dir='ltr'><strong>Homericis</strong></span> <span class='ocrx_word' id='word_1_230' title='bbox 1910 1875 2160 1925; x_wconf 86' lang='lat' dir='ltr'><strong>subiectam</strong></span> <span class='ocrx_word' id='word_1_231' title='bbox 2193 1895 2296 1927; x_wconf 88' lang='lat' dir='ltr'><strong>esse</strong></span> <span class='ocrx_word' id='word_1_232' title='bbox 2331 1881 2517 1932; x_wconf 88' lang='lat' dir='ltr'><strong>demon..</strong></span> 
     </span>
     <span class='ocr_line' id='line_1_22' title="bbox 257 1948 2518 2013; baseline 0.003 -14"><span class='ocrx_word' id='word_1_233' title='bbox 257 1953 526 2011; x_wconf 84' lang='lat' dir='ltr'><strong>stravimus,</strong></span> <span class='ocrx_word' id='word_1_234' title='bbox 574 1952 954 2012; x_wconf 83' lang='lat' dir='ltr'><strong>significationem</strong></span> <span class='ocrx_word' id='word_1_235' title='bbox 988 1948 1269 1997; x_wconf 86' lang='lat' dir='ltr'><strong>tribuendam</strong></span> <span class='ocrx_word' id='word_1_236' title='bbox 1303 1951 1436 1997; x_wconf 85' lang='lat' dir='ltr'><strong>etiam</strong></span> <span class='ocrx_word' id='word_1_237' title='bbox 1470 1965 1573 1997; x_wconf 88' lang='lat' dir='ltr'><strong>esse</strong></span> <span class='ocrx_word' id='word_1_238' title='bbox 1605 1953 1711 1997; x_wconf 89' lang='lat' dir='ltr'><strong>voci</strong></span> <span class='ocrx_word' id='word_1_239' title='bbox 1741 1950 1897 2013; x_wconf 75' lang='grc' dir='ltr'><em>μηρὸς,</em></span> <span class='ocrx_word' id='word_1_240' title='bbox 1945 1956 2201 2001; x_wconf 86' lang='lat' dir='ltr'><strong>coniectare</strong></span> <span class='ocrx_word' id='word_1_241' title='bbox 2232 1956 2352 2003; x_wconf 82' lang='lat' dir='ltr'><strong>lieet.</strong></span> <span class='ocrx_word' id='word_1_242' title='bbox 2414 1959 2518 2005; x_wconf 82' lang='lat' dir='ltr'><strong>Ex-</strong></span> 
     </span>
     <span class='ocr_line' id='line_1_23' title="bbox 257 2024 2516 2088; baseline 0.004 -14"><span class='ocrx_word' id='word_1_243' title='bbox 257 2033 352 2074; x_wconf 87' lang='lat' dir='ltr'><strong>stat</strong></span> <span class='ocrx_word' id='word_1_244' title='bbox 391 2035 509 2074; x_wconf 85' lang='lat' dir='ltr'><strong>unu&#39;s</strong></span> <span class='ocrx_word' id='word_1_245' title='bbox 545 2033 717 2074; x_wconf 87' lang='lat' dir='ltr'><strong>tantum</strong></span> <span class='ocrx_word' id='word_1_246' title='bbox 758 2026 889 2072; x_wconf 90' lang='lat' dir='ltr'><strong>locus</strong></span> <span class='ocrx_word' id='word_1_247' title='bbox 936 2026 1057 2086; x_wconf 89' lang='lat' dir='ltr'><strong>apud</strong></span> <span class='ocrx_word' id='word_1_248' title='bbox 1097 2024 1368 2083; x_wconf 87' lang='lat' dir='ltr'><strong>Homerum,</strong></span> <span class='ocrx_word' id='word_1_249' title='bbox 1412 2027 1489 2087; x_wconf 80' lang='lat' dir='ltr'><strong>qui</strong></span> <span class='ocrx_word' id='word_1_250' title='bbox 1531 2026 1661 2072; x_wconf 90' lang='lat' dir='ltr'><strong>locus</strong></span> <span class='ocrx_word' id='word_1_251' title='bbox 1707 2026 1952 2088; x_wconf 86' lang='lat' dir='ltr'><strong>diligenter</strong></span> <span class='ocrx_word' id='word_1_252' title='bbox 1996 2031 2291 2080; x_wconf 85' lang='lat' dir='ltr'><strong>excutiendus</strong></span> <span class='ocrx_word' id='word_1_253' title='bbox 2328 2032 2516 2082; x_wconf 87' lang='lat' dir='ltr'><strong>videtur.</strong></span> 
     </span>
     <span class='ocr_line' id='line_1_24' title="bbox 255 2102 1210 2164; baseline -0.005 -14"><span class='ocrx_word' id='word_1_254' title='bbox 255 2103 429 2150; x_wconf 85' lang='lat' dir='ltr'><strong>Narrat</strong></span> <span class='ocrx_word' id='word_1_255' title='bbox 464 2105 578 2150; x_wconf 87' lang='lat' dir='ltr'><strong>enim</strong></span> <span class='ocrx_word' id='word_1_256' title='bbox 607 2108 745 2164; x_wconf 87' lang='lat' dir='ltr'><strong>poeta</strong></span> <span class='ocrx_word' id='word_1_257' title='bbox 777 2102 831 2147; x_wconf 92' lang='lat' dir='ltr'><strong>Il.</strong></span> <span class='ocrx_word' id='word_1_258' title='bbox 865 2104 921 2158; x_wconf 83' lang='lat'><strong>5,</strong></span> <span class='ocrx_word' id='word_1_259' title='bbox 956 2105 1054 2147; x_wconf 85' lang='lat'><strong>305.</strong></span> <span class='ocrx_word' id='word_1_260' title='bbox 1087 2114 1210 2163; x_wconf 73' lang='lat' dir='ltr'><strong>sqq-2</strong></span> 
     </span>
    </p>

    <p class='ocr_par' dir='ltr' id='par_1_7' title="bbox 712 2178 1831 2245">
     <span class='ocr_line' id='line_1_25' title="bbox 712 2178 1831 2245; baseline 0.003 -17"><span class='ocrx_word' id='word_1_261' title='bbox 712 2185 786 2241; x_wconf 73' lang='grc' dir='ltr'><strong>Τῷ</strong></span> <span class='ocrx_word' id='word_1_262' title='bbox 810 2180 937 2241; x_wconf 82' lang='grc' dir='ltr'><em>βάλεν</em></span> <span class='ocrx_word' id='word_1_263' title='bbox 962 2183 1136 2229; x_wconf 79' lang='grc' dir='ltr'><em>Αἰνείαο</em></span> <span class='ocrx_word' id='word_1_264' title='bbox 1160 2178 1252 2228; x_wconf 77' lang='grc' dir='ltr'><em>κατ’</em></span> <span class='ocrx_word' id='word_1_265' title='bbox 1273 2183 1426 2239; x_wconf 84' lang='grc' dir='ltr'><em>ἰσχίον,</em></span> <span class='ocrx_word' id='word_1_266' title='bbox 1454 2180 1563 2229; x_wconf 68' lang='grc' dir='ltr'><strong>ἔνθα</strong></span> <span class='ocrx_word' id='word_1_267' title='bbox 1589 2201 1636 2230; x_wconf 84' lang='grc' dir='ltr'><strong>τε</strong></span> <span class='ocrx_word' id='word_1_268' title='bbox 1660 2183 1831 2245; x_wconf 81' lang='grc' dir='ltr'><em>μηρὸς</em></span> 
     </span>
    </p>

    <p class='ocr_par' dir='ltr' id='par_1_8' title="bbox 704 2254 1848 2321">
     <span class='ocr_line' id='line_1_26' title="bbox 704 2254 1848 2321; baseline 0 -13"><span class='ocrx_word' id='word_1_269' title='bbox 704 2257 838 2320; x_wconf 77' lang='grc' dir='ltr'><em>Ἰσχίῳ</em></span> <span class='ocrx_word' id='word_1_270' title='bbox 854 2260 1151 2321; x_wconf 70' lang='grc' dir='ltr'><strong>ιἐνστρέφεται·</strong></span> <span class='ocrx_word' id='word_1_271' title='bbox 1176 2254 1348 2320; x_wconf 73' lang='grc' dir='ltr'><em>κοτύλην</em></span> <span class='ocrx_word' id='word_1_272' title='bbox 1373 2260 1423 2307; x_wconf 81' lang='grc' dir='ltr'><strong>δέ</strong></span> <span class='ocrx_word' id='word_1_273' title='bbox 1449 2261 1505 2311; x_wconf 68' lang='grc' dir='ltr'><strong>τέ,</strong></span> <span class='ocrx_word' id='word_1_274' title='bbox 1520 2279 1592 2318; x_wconf 89' lang='grc' dir='ltr'><strong>μιν</strong></span> <span class='ocrx_word' id='word_1_275' title='bbox 1615 2262 1848 2308; x_wconf 72' lang='grc' dir='ltr'><em>καλέουσιν·</em></span> 
     </span>
    </p>

    <p class='ocr_par' dir='ltr' id='par_1_9' title="bbox 709 2333 1923 2402">
     <span class='ocr_line' id='line_1_27' title="bbox 709 2333 1923 2402; baseline 0.002 -16"><span class='ocrx_word' id='word_1_276' title='bbox 709 2335 876 2387; x_wconf 76' lang='grc' dir='ltr'><em>Θλάσσε</em></span> <span class='ocrx_word' id='word_1_277' title='bbox 902 2339 952 2386; x_wconf 77' lang='grc' dir='ltr'><strong>δέ</strong></span> <span class='ocrx_word' id='word_1_278' title='bbox 979 2339 1019 2386; x_wconf 80' lang='grc' dir='ltr'><em>οἳ</em></span> <span class='ocrx_word' id='word_1_279' title='bbox 1044 2334 1234 2402; x_wconf 80' lang='grc' dir='ltr'><em>κοτύλην,</em></span> <span class='ocrx_word' id='word_1_280' title='bbox 1262 2336 1370 2401; x_wconf 80' lang='grc' dir='ltr'><strong>πρὸς</strong></span> <span class='ocrx_word' id='word_1_281' title='bbox 1397 2333 1437 2385; x_wconf 79' lang='grc' dir='ltr'><strong>δ’</strong></span> <span class='ocrx_word' id='word_1_282' title='bbox 1463 2335 1594 2401; x_wconf 66' lang='grc' dir='ltr'><em>ἄμφω</em></span> <span class='ocrx_word' id='word_1_283' title='bbox 1621 2341 1724 2402; x_wconf 77' lang='grc' dir='ltr'><strong><em>ῥῆξε</em></strong></span> <span class='ocrx_word' id='word_1_284' title='bbox 1748 2342 1923 2390; x_wconf 82' lang='grc' dir='ltr'><em>τένοντε·</em></span> 
     </span>
    </p>

    <p class='ocr_par' dir='ltr' id='par_1_10' title="bbox 260 2412 2523 2722">
     <span class='ocr_line' id='line_1_28' title="bbox 700 2412 1476 2479; baseline -0.01 -16"><span class='ocrx_word' id='word_1_285' title='bbox 700 2413 808 2463; x_wconf 80' lang='grc' dir='ltr'><strong>Ὠσε</strong></span> <span class='ocrx_word' id='word_1_286' title='bbox 835 2412 875 2463; x_wconf 77' lang='grc' dir='ltr'><strong>δ’</strong></span> <span class='ocrx_word' id='word_1_287' title='bbox 902 2413 991 2463; x_wconf 69' lang='lat' dir='ltr'><strong>dmi</strong></span> <span class='ocrx_word' id='word_1_288' title='bbox 1018 2415 1129 2479; x_wconf 77' lang='grc' dir='ltr'>ῥινᾶν</span> <span class='ocrx_word' id='word_1_289' title='bbox 1151 2415 1304 2479; x_wconf 73' lang='grc' dir='ltr'><em>τρηχύς</em></span> <span class='ocrx_word' id='word_1_290' title='bbox 1321 2417 1476 2470; x_wconf 75' lang='grc' dir='ltr'><em>λίθος..</em></span> 
     </span>
     <span class='ocr_line' id='line_1_29' title="bbox 263 2499 2523 2565; baseline 0.006 -18"><span class='ocrx_word' id='word_1_291' title='bbox 263 2502 420 2547; x_wconf 86' lang='lat' dir='ltr'><strong>Sermo</strong></span> <span class='ocrx_word' id='word_1_292' title='bbox 452 2507 522 2547; x_wconf 88' lang='lat' dir='ltr'><strong>est</strong></span> <span class='ocrx_word' id='word_1_293' title='bbox 554 2501 609 2547; x_wconf 89' lang='lat' dir='ltr'><strong>de</strong></span> <span class='ocrx_word' id='word_1_294' title='bbox 639 2499 884 2559; x_wconf 88' lang='lat' dir='ltr'><strong>Diomede,</strong></span> <span class='ocrx_word' id='word_1_295' title='bbox 926 2503 1002 2562; x_wconf 80' lang='lat' dir='ltr'><strong>qui</strong></span> <span class='ocrx_word' id='word_1_296' title='bbox 1037 2508 1196 2547; x_wconf 90' lang='lat' dir='ltr'><strong>contra</strong></span> <span class='ocrx_word' id='word_1_297' title='bbox 1224 2501 1430 2547; x_wconf 82' lang='lat' dir='ltr'><strong>Aeneam</strong></span> <span class='ocrx_word' id='word_1_298' title='bbox 1459 2513 1674 2559; x_wconf 79' lang='lat' dir='ltr'><strong>pugnans</strong></span> <span class='ocrx_word' id='word_1_299' title='bbox 1705 2504 1887 2549; x_wconf 86' lang='lat' dir='ltr'><strong>maximi</strong></span> <span class='ocrx_word' id='word_1_300' title='bbox 1914 2508 2127 2565; x_wconf 90' lang='lat' dir='ltr'><strong>ponderis</strong></span> <span class='ocrx_word' id='word_1_301' title='bbox 2155 2524 2316 2557; x_wconf 86' lang='lat' dir='ltr'><strong>saxum</strong></span> <span class='ocrx_word' id='word_1_302' title='bbox 2346 2515 2391 2558; x_wconf 88' lang='lat' dir='ltr'><strong>in</strong></span> <span class='ocrx_word' id='word_1_303' title='bbox 2420 2528 2523 2561; x_wconf 82' lang='lat' dir='ltr'><strong>eum</strong></span> 
     </span>
     <span class='ocr_line' id='line_1_30' title="bbox 263 2572 2523 2646; baseline 0.005 -21"><span class='ocrx_word' id='word_1_304' title='bbox 263 2577 453 2625; x_wconf 88' lang='lat' dir='ltr'><strong>coniicit.</strong></span> <span class='ocrx_word' id='word_1_305' title='bbox 546 2576 634 2635; x_wconf 81' lang='lat' dir='ltr'><strong>Qui</strong></span> <span class='ocrx_word' id='word_1_306' title='bbox 664 2593 824 2625; x_wconf 88' lang='lat' dir='ltr'><strong>versus</strong></span> <span class='ocrx_word' id='word_1_307' title='bbox 858 2593 992 2639; x_wconf 81' lang='lat' dir='ltr'><strong>quum</strong></span> <span class='ocrx_word' id='word_1_308' title='bbox 1032 2572 1093 2625; x_wconf 46' lang='lat' dir='ltr'><strong>&#39;ad</strong></span> <span class='ocrx_word' id='word_1_309' title='bbox 1124 2595 1243 2637; x_wconf 86' lang='lat' dir='ltr'><strong>rem,</strong></span> <span class='ocrx_word' id='word_1_310' title='bbox 1286 2576 1339 2624; x_wconf 92' lang='lat' dir='ltr'><strong>de</strong></span> <span class='ocrx_word' id='word_1_311' title='bbox 1374 2592 1463 2639; x_wconf 85' lang='lat' dir='ltr'><strong>qua</strong></span> <span class='ocrx_word' id='word_1_312' title='bbox 1498 2574 1802 2637; x_wconf 79' lang='lat' dir='ltr'><strong>disputamus,</strong></span> <span class='ocrx_word' id='word_1_313' title='bbox 1846 2580 2084 2641; x_wconf 85' lang='lat' dir='ltr'><strong>plurimum</strong></span> <span class='ocrx_word' id='word_1_314' title='bbox 2115 2587 2323 2646; x_wconf 87' lang='lat' dir='ltr'><strong>valeant,</strong></span> <span class='ocrx_word' id='word_1_315' title='bbox 2367 2605 2523 2638; x_wconf 87' lang='lat' dir='ltr'><strong>eorum</strong></span> 
     </span>
     <span class='ocr_line' id='line_1_31' title="bbox 260 2650 2519 2722; baseline 0.006 -21"><span class='ocrx_word' id='word_1_316' title='bbox 260 2654 687 2716; x_wconf 83' lang='lat' dir='ltr'><strong>interpretationem,</strong></span> <span class='ocrx_word' id='word_1_317' title='bbox 713 2659 763 2701; x_wconf 87' lang='lat' dir='ltr'><strong>ut</strong></span> <span class='ocrx_word' id='word_1_318' title='bbox 786 2655 831 2701; x_wconf 89' lang='lat' dir='ltr'><strong>in</strong></span> <span class='ocrx_word' id='word_1_319' title='bbox 856 2652 1048 2700; x_wconf 90' lang='lat' dir='ltr'><strong>editione</strong></span> <span class='ocrx_word' id='word_1_320' title='bbox 1070 2655 1311 2700; x_wconf 86' lang='lat' dir='ltr'><strong>carminum</strong></span> <span class='ocrx_word' id='word_1_321' title='bbox 1334 2650 1670 2700; x_wconf 76' lang='lat' dir='ltr'><strong>numericorum</strong></span> <span class='ocrx_word' id='word_1_322' title='bbox 1690 2651 1971 2705; x_wconf 81' lang='lat' dir='ltr'><strong>Ernestiana</strong></span> <span class='ocrx_word' id='word_1_323' title='bbox 1992 2666 2159 2722; x_wconf 84' lang='lat' dir='ltr'><strong>exstat,</strong></span> <span class='ocrx_word' id='word_1_324' title='bbox 2182 2663 2346 2711; x_wconf 90' lang='lat' dir='ltr'><strong>addere</strong></span> <span class='ocrx_word' id='word_1_325' title='bbox 2368 2665 2519 2715; x_wconf 88' lang='lat' dir='ltr'><strong>liceat.</strong></span> 
     </span>
    </p>
   </div>
   <div class='ocr_carea' id='block_1_3' title="bbox 707 2740 2367 3001">
    <p class='ocr_par' dir='ltr' id='par_1_11' title="bbox 707 2740 1970 2793">
     <span class='ocr_line' id='line_1_32' title="bbox 707 2740 1970 2793; baseline 0.004 -12"><span class='ocrx_word' id='word_1_326' title='bbox 707 2742 768 2781; x_wconf 85' lang='lat' dir='ltr'><strong>Eo</strong></span> <span class='ocrx_word' id='word_1_327' title='bbox 800 2742 1007 2793; x_wconf 81' lang='lat' dir='ltr'><strong>percussit</strong></span> <span class='ocrx_word' id='word_1_328' title='bbox 1033 2740 1215 2782; x_wconf 82' lang='lat' dir='ltr'><strong>Aeneae·</strong></span> <span class='ocrx_word' id='word_1_329' title='bbox 1233 2741 1518 2793; x_wconf 80' lang='lat' dir='ltr'><strong>coxendicem,</strong></span> <span class='ocrx_word' id='word_1_330' title='bbox 1547 2740 1617 2781; x_wconf 83' lang='lat' dir='ltr'><strong>ubi</strong></span> <span class='ocrx_word' id='word_1_331' title='bbox 1645 2742 1813 2785; x_wconf 83' lang='lat' dir='ltr'><strong>scilicet</strong></span> <span class='ocrx_word' id='word_1_332' title='bbox 1841 2746 1970 2786; x_wconf 78' lang='lat' dir='ltr'><strong>femur</strong></span> 
     </span>
    </p>

    <p class='ocr_par' dir='ltr' id='par_1_12' title="bbox 708 2808 1776 2862">
     <span class='ocr_line' id='line_1_33' title="bbox 708 2808 1776 2862; baseline 0.003 -11"><span class='ocrx_word' id='word_1_333' title='bbox 708 2808 757 2851; x_wconf 90' lang='lat' dir='ltr'><strong>In</strong></span> <span class='ocrx_word' id='word_1_334' title='bbox 787 2822 893 2851; x_wconf 83' lang='lat' dir='ltr'><strong>coxa</strong></span> <span class='ocrx_word' id='word_1_335' title='bbox 923 2811 1121 2853; x_wconf 84' lang='lat' dir='ltr'><strong>vertitur:</strong></span> <span class='ocrx_word' id='word_1_336' title='bbox 1152 2808 1407 2851; x_wconf 83' lang='lat' dir='ltr'><strong>acetabulum</strong></span> <span class='ocrx_word' id='word_1_337' title='bbox 1437 2810 1568 2862; x_wconf 85' lang='lat' dir='ltr'><strong>ipsum</strong></span> <span class='ocrx_word' id='word_1_338' title='bbox 1599 2816 1776 2854; x_wconf 85' lang='lat' dir='ltr'><strong>vocant:</strong></span> 
     </span>
    </p>

    <p class='ocr_par' dir='ltr' id='par_1_13' title="bbox 710 2876 2367 3001">
     <span class='ocr_line' id='line_1_34' title="bbox 711 2876 2367 2939; baseline 0.007 -20"><span class='ocrx_word' id='word_1_339' title='bbox 711 2876 933 2929; x_wconf 82' lang='lat' dir='ltr'><strong>Confregit</strong></span> <span class='ocrx_word' id='word_1_340' title='bbox 962 2880 1093 2921; x_wconf 78' lang='lat' dir='ltr'><strong>autem</strong></span> <span class='ocrx_word' id='word_1_341' title='bbox 1122 2878 1206 2932; x_wconf 82' lang='lat' dir='ltr'><strong>ipsi</strong></span> <span class='ocrx_word' id='word_1_342' title='bbox 1235 2876 1514 2930; x_wconf 84' lang='lat' dir='ltr'><strong>acetabulum,</strong></span> <span class='ocrx_word' id='word_1_343' title='bbox 1545 2879 1586 2918; x_wconf 87' lang='lat' dir='ltr'><strong>ct</strong></span> <span class='ocrx_word' id='word_1_344' title='bbox 1615 2878 1787 2932; x_wconf 86' lang='lat' dir='ltr'><strong>insuper</strong></span> <span class='ocrx_word' id='word_1_345' title='bbox 1816 2882 1955 2925; x_wconf 83' lang='lat' dir='ltr'><strong>ambos</strong></span> <span class='ocrx_word' id='word_1_346' title='bbox 1986 2885 2164 2939; x_wconf 86' lang='lat' dir='ltr'><strong>disrupit</strong></span> <span class='ocrx_word' id='word_1_347' title='bbox 2192 2898 2367 2930; x_wconf 83' lang='lat' dir='ltr'><strong>nervos:</strong></span> 
     </span>
     <span class='ocr_line' id='line_1_35' title="bbox 710 2943 1450 3001; baseline -0.001 -15"><span class='ocrx_word' id='word_1_348' title='bbox 710 2943 986 3001; x_wconf 83' lang='lat' dir='ltr'><strong>Detraxitque</strong></span> <span class='ocrx_word' id='word_1_349' title='bbox 1019 2949 1148 2989; x_wconf 87' lang='lat' dir='ltr'><strong>cutem</strong></span> <span class='ocrx_word' id='word_1_350' title='bbox 1177 2956 1299 3000; x_wconf 83' lang='lat' dir='ltr'><strong>asper</strong></span> <span class='ocrx_word' id='word_1_351' title='bbox 1326 2944 1450 2999; x_wconf 82' lang='lat' dir='ltr'><strong>lapis.</strong></span> 
     </span>
    </p>
   </div>
   <div class='ocr_carea' id='block_1_4' title="bbox 265 3024 2525 3153">
    <p class='ocr_par' dir='ltr' id='par_1_14' title="bbox 265 3024 2525 3153">
     <span class='ocr_line' id='line_1_36' title="bbox 265 3024 2525 3094; baseline 0.004 -20"><span class='ocrx_word' id='word_1_352' title='bbox 265 3024 393 3088; x_wconf 79' lang='lat' dir='ltr'><strong>Quae</strong></span> <span class='ocrx_word' id='word_1_353' title='bbox 425 3030 581 3091; x_wconf 85' lang='lat' dir='ltr'><strong>potest</strong></span> <span class='ocrx_word' id='word_1_354' title='bbox 616 3040 716 3078; x_wconf 71' lang='lat' dir='ltr'><strong>esse</strong></span> <span class='ocrx_word' id='word_1_355' title='bbox 752 3024 992 3092; x_wconf 80' lang='lat' dir='ltr'><strong>descriptio</strong></span> <span class='ocrx_word' id='word_1_356' title='bbox 1024 3025 1212 3089; x_wconf 74' lang='lat' dir='ltr'><strong>clarior,</strong></span> <span class='ocrx_word' id='word_1_357' title='bbox 1247 3039 1361 3091; x_wconf 81' lang='lat' dir='ltr'><strong>quae</strong></span> <span class='ocrx_word' id='word_1_358' title='bbox 1395 3025 1566 3090; x_wconf 81' lang='lat' dir='ltr'><strong>aptior,</strong></span> <span class='ocrx_word' id='word_1_359' title='bbox 1600 3031 1651 3073; x_wconf 87' lang='lat' dir='ltr'><strong>ut</strong></span> <span class='ocrx_word' id='word_1_360' title='bbox 1685 3025 1740 3076; x_wconf 88' lang='lat' dir='ltr'><strong>de</strong></span> <span class='ocrx_word' id='word_1_361' title='bbox 1774 3029 1872 3080; x_wconf 88' lang='lat' dir='ltr'><strong>eius</strong></span> <span class='ocrx_word' id='word_1_362' title='bbox 1907 3038 2177 3094; x_wconf 82' lang='lat' dir='ltr'><strong>argumento</strong></span> <span class='ocrx_word' id='word_1_363' title='bbox 2211 3031 2324 3085; x_wconf 86' lang='lat' dir='ltr'><strong>nibil</strong></span> <span class='ocrx_word' id='word_1_364' title='bbox 2352 3032 2525 3089; x_wconf 76' lang='lat' dir='ltr'><strong>babeat</strong></span> 
     </span>
     <span class='ocr_line' id='line_1_37' title="bbox 2105 3112 2130 3153; baseline 0 0"><span class='ocrx_word' id='word_1_365' title='bbox 2105 3112 2130 3153; x_wconf 82' lang='lat'><em>2</em></span> 
     </span>
    </p>
   </div>
  </div>
 </body>
</html>
