2834 3402
251 327 337 377 sihi
367 326 480 376 velit
510 325 777 389 Aeschylus
809 324 842 372 l.
878 341 942 373 ω
978 338 1118 389 quare
1149 338 1326 373 errasse
1358 328 1509 388 putem
1541 325 1827 388 interpretem
1860 327 1982 390 apud
2014 325 2298 375 Nitzschium
2329 328 2391 375 ad
2424 327 2511 375 od.

251 405 306 465 3,
340 408 438 451 456.
471 417 585 466 pag.
620 408 717 449 223.
752 401 993 449 dicentemz
1027 400 1147 463 „Die
1180 400 1355 448 Stelleii
1389 403 1446 448 im
1477 401 1816 465 Aeschylus
1850 405 1943 450 und
1973 402 2510 467 Sophocles-hraucht

249 496 354 527 man
387 495 477 542 gar
507 478 630 525 nicht
661 494 753 525 von
786 478 1006 525 Knochen
1038 493 1100 524 zu
1134 477 1387 532 erklaren“.
1466 476 1638 525 Verum
1673 479 1940 528 evolvamus
1983 483 2113 528 etiam
2148 479 2390 542 Sophoclis
2425 482 2507 529 fa-

249 555 401 603 bulas.
466 553 681 616 Legimus
713 554 880 616 Antig.
919 556 1057 602 1006.
1090 571 1189 618 sqq.
1224 554 1292 601 ed.
1323 552 1551 600 Brunck.=

266 643 271 648 ’
681 628 684 629 ⁷
1090 670 1259 684 .....
1284 637 1330 684 ἔκ
1357 638 1406 683 δὲ
1432 631 1638 694 θυμάτων

697 714 926 777 Ἡφαίστος
953 709 1028 760 οὐκ
1043 713 1256 773 ὕσματα,
1283 710 1373 761 ἄλλ’
1398 716 1474 762 ἐπὶ
1500 717 1651 775 σποδῷ

696 794 897 839 Μυδῶσα
922 794 1040 852 κηκὶς
1064 794 1223 853 μηρίων
1246 787 1433 853 ἐτήκετο,

697 866 899 939 Κᾶτυφε,
925 865 1145 917 κᾶνέπτυε·
1170 872 1243 916 καὶ
1268 866 1490 931 μετάρσιοι

697 951 839 995 Χολαὶ
864 949 1166 1011 διεσπείροντο,
1193 950 1267 994 καὶ
1292 952 1540 1009 καταῤῥυέἱς

698 1030 847 1088 Μηροὶ
872 1028 1087 1087 καλυπτῆς
1112 1027 1310 1082 ἐξέκειντο
1335 1027 1529 1086 πιμελῆς.

249 1121 357 1183 Non
400 1127 445 1167 te
485 1122 663 1182 fugiat,
709 1112 890 1167 easdem
931 1119 1111 1166 hostiae
1153 1125 1335 1181 partes,
1383 1136 1501 1184 quae
1540 1137 1586 1167 v.
1636 1122 1775 1167 1008.
1816 1122 1950 1184 μηρία
1988 1124 2236 1179 vocantur,
2277 1136 2321 1165 v.
2371 1121 2507 1165 1011.

250 1194 409 1259 μηροιῖς
442 1212 543 1244 esse
577 1195 851 1258 appellatas.
928 1194 1213 1240 Homericum
1255 1196 1400 1257 igitur
1438 1196 1510 1243 his
1552 1198 1600 1242 in
1641 1194 1831 1243 vocibus
1863 1197 1998 1259 μηρία
2032 1201 2079 1242 et
2108 1192 2268 1258 μηροῦς
2299 1194 2508 1240 amad-

250 1273 463 1318 vertimus
499 1271 673 1317 dicendi
705 1287 880 1332 genus,
915 1276 966 1316 ut
999 1271 1204 1330 easdem,
1220 1316 1223 1319 ,
1238 1287 1353 1333 quas
1386 1287 1526 1334 supra
1561 1272 1887 1332 demonstravi,
1934 1274 2137 1336 corporis
2168 1276 2324 1334 partes
2356 1272 2509 1331 signi-

250 1347 398 1394 ficent.
465 1344 715 1408 Sophocles
758 1351 998 1409 praeterea
1016 1363 1021 1366 ’
1041 1362 1150 1394 ossa
1193 1347 1260 1394 ait
1292 1352 1423 1394 extra
1469 1347 1667 1410 adipem,
1712 1364 1800 1411 quo
1844 1348 2056 1395 involuta
2089 1353 2247 1407 erant,
2293 1347 2507 1394 iacuisse=

250 1422 473 1470 Homerus
508 1427 682 1483 autem,
714 1424 933 1470 femorum
967 1438 1076 1469 ossa
1106 1423 1247 1485 κνίσσῃ
1274 1425 1305 1470 i.
1330 1441 1370 1470 e.
1394 1429 1618 1470 omento
1652 1430 1860 1472 contecta
1884 1442 1985 1472 esse
2010 1431 2185 1472 narrat.
2240 1422 2508 1470 Universum
2560 1411 2565 1416 ⁸

250 1500 394 1560 igitur
423 1499 581 1557 rItum,
618 1499 694 1560 qui
727 1497 787 1545 ah
821 1498 1017 1546 Homero
1050 1499 1299 1560 indicatur,
1335 1500 1587 1563 Sophocles
1619 1503 1819 1548 retinuit.

378 1573 569 1621 Maximi
603 1576 811 1621 momenti
846 1581 1116 1636 argumenta
1148 1580 1387 1637 praeterea
1421 1593 1479 1623 ex
1510 1582 1744 1639 poetarum
1775 1579 2044 1625 comicorum
2069 1574 2221 1622 verbis
2245 1575 2336 1636 peti
2355 1588 2507 1635 posse,

248 1667 341 1699 rem
375 1652 441 1698 sic
473 1667 524 1698 se
557 1649 798 1710 hahuisse,
832 1657 882 1697 ut
914 1651 1030 1710 dixi,
1062 1650 1186 1697 haud
1213 1652 1350 1698 facile
1382 1654 1489 1713 erit,
1524 1655 1602 1716 qui
1633 1660 1788 1716 neget.
1855 1655 1979 1701 Sane
2014 1652 2212 1713 legimus
2246 1651 2396 1696 suavis
2430 1649 2509 1693 in-

250 1729 457 1790 terpretis
503 1727 679 1775 doctam
725 1728 991 1774 sententiam
1032 1726 1153 1788 apud
1184 1726 1464 1775 Nitzschium
1498 1728 1530 1774 l.
1567 1745 1631 1776 c.=
1674 1762 1731 1789 „.
1753 1763 1769 1776 .
1793 1762 1805 1775 .
1832 1762 1845 1775 .
1870 1729 1940 1776 die
1977 1728 2153 1775 Stellen
2188 1728 2267 1773 der
2298 1723 2508 1771 Komiker

248 1804 350 1851 sind
383 1803 768 1851 scherzhafte
802 1803 1110 1864 Dichtung
1144 1804 1253 1850 oder
1287 1804 1872 1868 Uehertreihungen,
1908 1823 2011 1852 zum
2046 1803 2181 1850 Theil
2214 1816 2507 1863 ausgespon-

247 1896 335 1926 nen
368 1895 453 1927 aus
488 1879 585 1927 dem
619 1879 761 1942 Opfer
795 1880 874 1926 der
904 1882 1095 1927 weissen
1125 1880 1342 1928 Knochen
1375 1883 1434 1928 im
1460 1880 1736 1929 Hesiodos“.
1834 1882 2181 1939 Verumtamen,
2231 1880 2305 1942 qui
2339 1877 2384 1924 id
2412 1892 2507 1939 ge-

247 1971 334 2003 nus
369 1957 610 2003 carminum
645 1958 829 2019 eiusque
864 1962 1070 2003 naturam
1105 1972 1160 2004 ac
1190 1958 1409 2004 rationem
1440 1956 1566 2003 haud
1597 1957 1734 2019 plane
1761 1959 2049 2019 ignoraverit
2071 1959 2235 2020 quique
2266 1971 2355 2000 non
2389 1968 2507 2014 ege-

246 2035 307 2080 rit
338 2034 524 2094 pingui,
568 2039 619 2079 ut
652 2035 696 2079 in
730 2032 973 2095 proverbio
1008 2040 1099 2092 est,
1142 2032 1376 2093 Minerva,
1399 2051 1479 2080 ‘ex
1514 2034 1672 2082 horum
1704 2041 1938 2097 poetarum
1973 2033 2126 2081 verbis
2161 2033 2216 2079 de
2250 2030 2383 2077 rebus
2416 2045 2508 2074 an-

249 2110 383 2171 tiquis
417 2110 662 2156 rectissime
707 2111 1008 2157 coniecturam
1048 2110 1145 2158 fieri
1186 2108 1274 2157 sihi
1305 2111 1600 2173 persuaserit.
1666 2111 1814 2175 Quum
1859 2112 1972 2157 enim
2014 2126 2163 2157 mores
2207 2108 2427 2155 hominum
2463 2111 2507 2150 et

248 2186 456 2232 instituta
500 2187 753 2247 castigent,
799 2186 905 2249 quid
947 2202 1103 2233 verum
1147 2188 1307 2247 fuerit,
1354 2202 1412 2234 ex
1451 2186 1542 2233 illis
1587 2188 1706 2233 effici
1749 2188 1942 2249 cogique
1984 2191 2154 2248 potest.
2230 2183 2507 2230 Evolvamus

248 2264 391 2323 igitur
423 2264 579 2322 arguti
610 2263 732 2308 illius
766 2262 1091 2323 Aristophanis
1123 2263 1332 2322 Plutum,
1376 2279 1465 2325 quo
1498 2265 1600 2310 loco
1634 2265 1908 2311 Mercurium
1953 2264 2082 2310 deum
2122 2262 2290 2308 inducit
2333 2259 2507 2304 flentem

249 2344 292 2383 et
324 2339 668 2396 lamentantem,
703 2345 772 2384 est
803 2355 848 2383 v.
889 2342 1027 2383 1128.
1057 2355 1177 2400 sqq„
1211 2338 1335 2385 hisce
1367 2338 1541 2385 verbis=

698 2435 830 2490 Ωἴμοι
857 2433 905 2477 δὲ
932 2433 1084 2493 κωλῆς,
1113 2427 1168 2492 ἧς
1191 2429 1273 2490 ἐγώ
1298 2430 1545 2495 κατήσθιον,

696 2506 946 2571 Σπλάγχνων
968 2527 1014 2556 τε
1040 2509 1232 2571 θερμῶν,
1260 2504 1319 2555 ὧν
1345 2507 1427 2571 ἐγώ
1452 2506 1694 2572 κατήσθιον.

249 2606 301 2653 Si
334 2620 486 2653 assam
521 2620 698 2653 carnem
734 2604 1023 2664 comedisset,
1068 2618 1159 2650 non
1201 2604 1391 2665 fuisset,
1435 2602 1553 2667 quod
1595 2607 1883 2666 quereretur.
1928 2618 2036 2650 ossa
2072 2617 2350 2666 concoquere
2383 2600 2510 2646 diffi-

249 2683 345 2729 cilis
376 2698 450 2728 res
484 2688 582 2729 erat
612 2682 688 2728 vel
721 2681 966 2728 Mercuri0.
1036 2679 1124 2726 Cui
1156 2681 1331 2727 ferculo
1364 2681 1519 2728 addita
1553 2685 1681 2726 erant
1713 2678 1954 2740 σπλάγχιά,
1990 2681 2194 2739 viscera,
2229 2685 2359 2737 exta,
2396 2692 2509 2741 quae

248 2764 356 2806 sunt
389 2774 493 2818 cor,
525 2759 787 2820 pulmones,
821 2760 968 2816 iecur,
1002 2763 1160 2804 nostro
1195 2773 1401 2806 sermone
1432 2759 1720 2819 lngetum,
1747 2784 1809 2790 —
1835 2773 1923 2819 quo
1957 2755 2186 2803 vocabulo
2224 2755 2510 2802 macellarius

249 2836 427 2898 quidam
456 2835 791 2896 Norimbergae
825 2850 893 2881 me
933 2841 1172 2896 praesente
1217 2836 1447 2883 utebatur.
1513 2835 1655 2881 Cuius
1700 2837 1768 2882 rei
1800 2835 2014 2881 memoria
2046 2832 2172 2879 haud
2206 2834 2303 2879 sine
2334 2830 2509 2893 gaudio

246 2912 351 2960 mihi
383 2917 601 2960 revocata
636 2916 706 2959 est
735 2911 909 2974 legenti
940 2916 1103 2973 postea
1137 2911 1258 2974 apud
1287 2911 1527 2972 Graffium,
1571 2912 1697 2958 cuius
1732 2911 1912 2957 lexicon
1953 2911 2214 2972 inscriptum
2249 2914 2316 2955 est
2362 2907 2513 2968 „Alt—

245 2986 605 3038 hochdeutscher
638 2986 1023 3052 Sprachschatz“,
1055 2987 1141 3036 sub
1174 3003 1289 3036 voce
1319 2987 1617 3054 INTUOMA
1652 2987 1841 3035 eundem
1873 2990 2020 3049 ipsum
2053 2987 2188 3035 huius
2221 2988 2349 3033 vocis
2385 3001 2514 3032 usum
