2834 3402
863 691 977 739 Ossa
1010 688 1279 756 temporibus
1308 689 1562 741 Homericis
1594 705 1692 741 esse
1722 690 1809 741 diis
1840 690 2006 742 oblata.
2099 679 2102 682 ¹

301 923 534 997 constat
574 951 691 995 inter
726 962 901 1006 omues,
948 962 1161 1009 magnam
1195 954 1242 1001 et
1274 950 1417 1003 fuisse
1461 953 1509 995 et
1548 962 1649 996 esse
1683 946 2083 994 eruditissimorum
2118 945 2440 996 dissensionem
2468 948 2565 997 lio-

301 1029 488 1086 minum,
534 1024 896 1086 disceptantium,
939 1028 1087 1070 utrum
1118 1014 1397 1071 victimarum
1437 1023 1612 1071 femora
1654 1038 1747 1075 una
1794 1038 1892 1070 cnm
1936 1038 2098 1081 carne,
2144 1038 2203 1070 an
2248 1039 2357 1072 ossa
2390 1031 2560 1075 tantum

302 1106 348 1151 in
390 1102 649 1162 sacrificiis,
695 1115 812 1165 quae
855 1098 977 1161 apud
1015 1098 1258 1149 Homerum
1301 1099 1527 1163 descripta
1570 1099 1791 1163 legimus,
1838 1098 1999 1147 oblata
2041 1100 2149 1146 sint.
2226 1098 2292 1147 Ut
2331 1103 2460 1152 nimis
2504 1106 2563 1152 sit

301 1176 406 1225 mihi
439 1177 651 1236 ardu‘um,
696 1174 854 1223 arbitri
887 1180 1042 1236 partes
1083 1166 1171 1223 liae
1204 1176 1251 1222 in
1291 1190 1341 1221 re
1374 1176 1624 1237 suscipere,
1672 1181 1821 1223 tamen
1856 1175 1917 1223 ad
1952 1176 2260 1239 quaestionem
2301 1176 2562 1234 solvendam

301 1271 383 1319 pro
415 1255 536 1302 virili
565 1258 697 1317 parte
729 1252 935 1299 conferre
969 1250 1136 1298 studui.
1204 1250 1567 1314 Disputationem
1602 1259 1753 1299 autem
1786 1267 1929 1298 meam
1965 1254 2032 1298 ita
2066 1252 2351 1314 dispertiam,
2382 1258 2432 1299 nt
2461 1255 2562 1316 pri-

301 1349 417 1379 mum
464 1332 518 1378 de
558 1333 707 1377 forma
745 1345 905 1376 vocum
937 1326 1114 1390 μηροὺς,
1139 1331 1293 1390 μηρία,
1338 1329 1501 1392 quibus
1545 1335 1683 1392 poeta
1717 1331 2042 1377 sacrificiorum
2064 1331 2306 1391 imagines
2340 1331 2562 1392 effingens

303 1410 368 1455 uti
401 1408 542 1467 solet,
586 1413 678 1453 tum
725 1406 781 1452 de
824 1421 976 1452 earum
1009 1419 1119 1450 vera
1159 1410 1296 1467 atque
1328 1408 1514 1468 propria
1555 1407 1891 1468 significatione
1930 1416 2094 1467 agam,
2138 1405 2327 1468 denique
2368 1404 2564 1453 breviter

304 1500 552 1546 exponam,
585 1499 701 1545 quae
736 1482 791 1528 de
825 1482 915 1528 illis
946 1482 1178 1537 sacrificiis
1210 1483 1483 1531 existimatio
1513 1484 1717 1543 proxime
1751 1483 1813 1529 ad
1844 1498 2000 1529 verum
2035 1481 2248 1529 accedere
2277 1483 2495 1531 videatur.

429 1560 625 1610 Primum
658 1558 773 1605 illud
804 1556 1114 1606 excutiendum
1148 1561 1243 1616 est,
1282 1558 1393 1620 quid
1423 1560 1483 1605 sit
1512 1560 1658 1621 μηρία.
1720 1559 1905 1618 Verbo,
1949 1558 2071 1622 quod
2104 1557 2163 1604 ab
2198 1558 2341 1611 alteno
2375 1560 2563 1607 deriva-

303 1641 395 1683 tum
427 1640 524 1694 est,
569 1635 725 1691 eadem
756 1635 826 1680 vis
860 1632 1021 1680 subiici
1052 1624 1210 1692 dehet,
1254 1648 1372 1696 quae
1414 1639 1485 1689 est
1523 1635 1789 1697 principalis
1822 1637 1976 1692 vocis,
2019 1634 2185 1680 additis
2227 1637 2358 1686 certis
2397 1634 2563 1684 finibus

304 1713 618 1775 terminisque,
658 1710 822 1775 quibus
864 1710 1033 1758 arctius
1068 1710 1445 1773 circumscriptum
1482 1716 1567 1759 est.
1644 1712 1816 1761 Notum
1850 1718 1896 1758 et
1928 1710 2051 1774 apud
2086 1725 2238 1766 omnes
2271 1717 2345 1757 est
2374 1711 2565 1773 pervul-

304 1794 480 1850 gatum.
538 1788 713 1836 Tamen
743 1787 902 1850 horum
933 1784 1261 1849 vocaliulorum
1294 1786 1515 1850 quaedam
1548 1804 1865 1838 recenseamus
1899 1794 1969 1847 et,
2004 1785 2168 1850 quibus
2200 1786 2398 1849 syllabis
2432 1794 2565 1839 notae

305 1865 352 1910 in
386 1866 440 1910 iis
474 1865 713 1927 appositae
746 1864 860 1922 sint,
895 1862 1242 1909 consideremus.

441 1943 481 1988 1.
515 1938 656 1995 Οἶκος,
684 1941 821 1987 οἰκίον.
877 1937 1000 1992 Οἶκος
1025 1937 1153 1985 verbi
1185 1938 1300 1987 haec
1330 1941 1403 1988 vis
1436 1948 1521 2001 est,
1548 1947 1601 1990 nt
1633 1943 1819 1988 notione
1850 1942 2066 1987 universa
2091 1946 2136 1987 et
2169 1941 2388 1994 communi
2419 1940 2568 1993 sedem

308 2022 352 2062 et
388 2016 654 2062 domicilium
689 2016 936 2076 significet,
984 2014 1030 2061 id
1063 2015 1183 2079 quod
1215 2015 1317 2077 luce
1351 2017 1520 2066 clarius
1554 2018 1718 2078 colligi
1749 2022 1904 2079 potest
1943 2034 2003 2064 ex
2040 2017 2252 2066 versibus
2293 2018 2347 2065 11.
2380 2018 2433 2074 6,
2466 2022 2567 2069 ssiu.

307 2107 430 2153 sqq.,
462 2089 624 2153 quibus
658 2090 828 2137 Hector
861 2092 1097 2151 coniugem
1131 2093 1177 2137 in
1209 2091 1393 2154 publico
1428 2100 1776 2141 commorantem
1812 2094 2046 2141 admonet:

753 2170 860 2221 Ἀλλ’
884 2176 947 2228 εἷς
973 2171 1080 2220 οἶκον
1107 2175 1231 2221 ἰοῦσα
1256 2172 1313 2222 vo?
1338 2179 1498 2239 σαυτῆς
1524 2176 1626 2238 ἔργα
1651 2171 1811 2234 κόμιζε,

753 2249 880 2299 Ἱστόν
907 2249 961 2307 τ’,
990 2249 1199 2313 ἠλακάτην
1222 2271 1289 2309 τε,
1316 2258 1389 2301 καὶ
1417 2252 1711 2318 α’μφιπόλοισι
1736 2257 1876 2302 κέλευε

742 2326 885 2391 Ἔργον
912 2330 1176 2386 ἐποίχεσθαι.

313 2414 409 2458 Cfr.
444 2412 529 2458 011.
564 2415 610 2471 2,
649 2418 742 2459 136.
782 2415 855 2472 19,
889 2420 1005 2472 572„
1040 2413 1144 2461 coll.
1177 2430 1223 2459 v.
1255 2422 1370 2475 579„
1404 2416 1482 2464 uhi
1515 2418 1592 2464 ille
1626 2415 1738 2471 οἶκος
1770 2423 1965 2470 vocatur
1998 2418 2135 2473 δῶμαε
2170 2421 2216 2461 et
2248 2413 2331 2460 od.
2365 2416 2574 2471 21,188.‚

311 2487 389 2533 ubi
422 2488 639 2548 legimnse

764 2556 834 2606 Tu)
861 2554 899 2606 δ’
924 2562 971 2618 ἐξ
998 2564 1110 2608 οἴκου
1138 2562 1291 2622 βῆσαν,

312 2645 387 2707 qui
419 2641 528 2698 οἶκος
559 2643 591 2691 1.
628 2659 665 2691 c.
700 2659 744 2690 v.
786 2646 892 2692 190.
923 2638 1052 2702 δόμος
1085 2642 1268 2690 dicitur:

758 2723 819 2771 Ἐκ
848 2724 887 2770 δ’
913 2723 1037 2780 αὐτὸς
1062 2725 1169 2784 μετοῖ
1196 2725 1293 2779 τούς
1320 2723 1450 2784 δόμου
1479 2726 1616 2790 ἤλυθε
1645 2732 1735 2781 δῖος
1762 2725 2001 2781 Ὀδυσσεύς.

312 2810 474 2855 Plures
507 2812 640 2855 etiam
673 2810 763 2856 loci
796 2811 951 2855 afferri
984 2817 1198 2873 possunt,
1240 2827 1428 2874 quorum
1460 2814 1641 2858 maximi
1675 2816 1886 2858 momenti
1920 2829 2022 2859 esse
2063 2820 2171 2874 puto
2204 2829 2405 2869 versum,
2447 2826 2576 2872 quem

313 2884 508 2948 legimus
542 2885 626 2934 Od.
667 2888 750 2947 19,
783 2892 910 2946 514„
942 2884 1089 2935 hunc:

749 2966 820 3025 ’Ἐς
845 2964 882 3018 τ’
908 2967 992 3031 ἐμοὶ
1019 2966 1101 3035 Q?
1128 2968 1291 3035 ὁρόωσα
1317 2973 1389 3022 καὶ
1414 2966 1668 3033 ἅμφιπόλων
1697 2973 1757 3021 ἐνὶ
1786 2975 1917 3033 οἴκῳ,

2120 3048 2138 3089 l
2172 3044 2193 3069 *
2231 3041 2233 3043 Ι
