2834 3402
297 275 454 320 miscet
483 278 530 318 et
569 273 737 319 turbat.
813 271 946 317 Tune
982 288 1039 318 ex
1072 273 1238 318 nostris
1271 270 1471 317 moribus
1512 272 1769 334 nostrisque
1802 272 2021 318 institutis
2052 275 2254 319 veterum
2287 269 2559 320 Graecorum

295 363 445 396 mores
480 354 526 396 et
556 349 762 396 instituta
796 346 1051 395 diiudices?
1098 347 1227 392 Tune
1262 346 1322 393 ad
1354 351 1541 393 nostrae
1573 346 1812 407 religionis
1846 347 2024 393 modum
2056 353 2257 395 veterum
2288 347 2561 395 Graecorum

295 439 374 474 res
406 424 583 473 divinas
617 423 863 472 diiudicare
897 429 941 470 te
972 438 1109 486 posse
1144 419 1369 491 censeas?
1436 421 1533 468 Cur
1575 438 1666 470 non
1707 424 1811 470 item
1847 423 2058 470 Indorum
2102 428 2240 487 atque
2274 422 2562 471 sinensium?

296 501 505 549 Fuerunt
537 499 719 563 populis
751 506 944 564 suntque
977 500 1032 546 iis
1062 514 1149 546 sua
1182 500 1417 559 instituta,
1460 514 1573 546 suae
1606 499 1871 560 religiones.
1941 498 2125 547 Graecis
2158 500 2302 561 igitur
2331 496 2563 547 veter-ihus

297 574 470 637 tribue,
504 575 627 638 quod
660 591 813 622 eorum
847 581 930 622 est.
1006 575 1098 637 Ipsi
1130 591 1204 622 res
1235 591 1347 623 suas
1383 576 1547 636 optime
1579 575 1934 636 percalluerunt.
1999 575 2188 623 Hesiodi
2230 575 2395 637 igitur,
2435 576 2563 623 anti-

299 652 499 715 quissimi
531 651 658 698 illius
690 656 877 713 poetae,
906 649 1050 696 verba
1084 650 1295 711 legamus
1329 650 1513 710 Theog.
1550 652 1643 697 535
1670 676 1730 686 —
1758 653 1835 697 41.
1903 651 2050 709 Quum
2084 653 2198 698 enim
2234 651 2563 698 diiudicandum

303 732 420 774 esset
452 725 694 787 Meconae,
730 725 834 789 quid
869 723 927 772 ah
962 724 1218 772 hominihus
1252 725 1335 773 diis
1370 731 1491 774 esset
1525 726 1826 786 offerendum,
1857 725 2151 773 Prometheus
2186 727 2301 774 duas
2333 727 2379 773 in
2410 730 2566 788 partes

299 803 494 849 hostiam
529 803 701 850 divisite
736 804 782 848 in
817 802 965 848 altera
995 800 1129 847 bovis
1159 817 1337 848 carnem
1370 807 1472 849 cute
1508 800 1696 860 obtexit,
1719 803 1766 847 in
1795 801 1945 848 altera
1979 817 2087 848 ossa
2119 802 2410 865 pinguedine.
2463 802 2565 861 Quo

297 879 423 926 facto
458 878 609 925 lovem
645 881 854 937 evocat,
875 882 927 924 ut
970 877 1185 939 eligeret,
1227 883 1375 924 utrum
1409 877 1497 925 sihi
1528 878 1684 924 vellet.
1751 878 1841 936 Qui
1880 878 2006 924 falsa
2048 880 2196 940 specie
2239 876 2471 942 deceptum
2515 892 2565 926 se

295 954 519 1003 simulans
551 970 660 1003 ossa
693 954 850 1016 elegit.
916 952 1065 1000 Poeta
1097 969 1219 1001 νοτε.
1256 954 1363 1001 553.
1398 969 1496 1016 sqq.
1521 952 1610 1000 hoc
1642 952 1775 1000 modo
1810 969 1903 1001 rem
1938 959 2122 1001 narrate

749 1038 885 1098 Χερσὶ
912 1031 952 1082 δ’
977 1031 1038 1096 ὅγ’
1065 1031 1348 1100 ἅμφοτέρῃσιν
1376 1031 1556 1084 ἀνείλετο
1582 1032 1724 1084 λευκᾶν
1747 1032 1942 1099 ἄλειφαρ.

749 1111 934 1162 Χώσατο
960 1116 1010 1161 δὲ
1039 1117 1213 1177 φρένας,
1243 1112 1358 1177 ἆμφὶ
1384 1113 1505 1173 χόλος
1533 1116 1580 1161 δέ
1609 1133 1681 1172 μιν
1704 1114 1818 1162 ἵκετο
1843 1112 2000 1172 θυμὸν,

748 1190 826 1247 Ὡς
852 1196 939 1240 ’ίδεν
966 1190 1092 1240 ὀστέα
1114 1190 1242 1240 λευκοὶ
1267 1190 1368 1251 βοός
1396 1194 1513 1255 δολίῃ
1540 1194 1614 1241 ἐπὶ
1641 1194 1772 1255 τέχνῃ.

299 1273 505 1324 Addidit.
527 1277 735 1337 deinceps
767 1281 904 1336 poeta
920 1293 933 1318 ι

653 1417 658 1422 ·
750 1352 813 1402 Ἐκ
839 1357 914 1402 τοῦ
942 1350 981 1401 δ’
1009 1350 1286 1401 ἆθανάτοισιν
1312 1355 1388 1401 ἐπὶ
1413 1358 1540 1411 χθονὶ
1566 1351 1668 1417 φῦλ’
1693 1351 1932 1419 ἀνθρώπων

755 1429 933 1480 Καίσυσ’
957 1429 1084 1481 ὀστέα
1112 1429 1239 1480 λευκαὶ
1264 1432 1480 1494 θυηέντων
1505 1432 1580 1482 ἐπὶ
1605 1437 1770 1493 βωμῶν.

300 1523 598 1571 Manifestum
633 1531 728 1585 est,
771 1532 953 1588 poetam
999 1526 1054 1572 de
1098 1527 1421 1573 sacrificiorum
1464 1540 1587 1572 more
1620 1527 1686 1572 ita
1720 1527 2028 1586 existimasse,
2070 1530 2121 1572 ut
2156 1524 2322 1591 ubique
2354 1531 2573 1576 terrarum

301 1599 363 1647 ah
398 1601 603 1649 omnibus
636 1601 892 1649 hominibus
927 1601 1234 1664 gentibusque
1266 1601 1518 1666 hostiarum
1553 1617 1662 1648 ossa
1703 1603 1751 1649 in
1785 1601 1969 1648 deorum
2001 1600 2219 1649 honorem
2253 1601 2575 1651 combureren-

302 1682 402 1737 tur,
434 1695 581 1741 neque
616 1680 844 1725 assentior
876 1678 1109 1737 interpreti
1141 1676 1232 1735 illi,
1279 1678 1406 1722 cuius
1439 1679 1707 1724 sententiam
1733 1676 1999 1725 Nitzschius
2040 1678 2101 1725 ad
2134 1677 2218 1726 od.
2254 1680 2310 1739 3,
2351 1686 2448 1728 456.
2483 1680 2574 1727 ad-

302 1753 471 1815 iunxit,
525 1753 774 1802 Hesiodum
829 1754 884 1801 de
926 1753 1149 1801 sacrificio
1193 1755 1239 1799 in
1283 1753 1387 1800 sola
1429 1753 1513 1799 illa
1555 1752 1667 1800 urhe
1699 1752 1925 1802 Meconae
1968 1756 2138 1802 usitato
2176 1756 2413 1819 loquutum
2456 1773 2571 1805 esse.

301 1830 453 1894 Ipsam
487 1837 646 1879 contra
689 1830 922 1891 fabulam,
965 1845 1056 1894 qua
1104 1845 1213 1877 ossa
1247 1830 1331 1877 diis
1376 1828 1663 1892 obtigerunt,
1709 1832 1950 1894 usurpavit
1980 1830 2274 1895 Aeschylus,
2314 1835 2389 1896 qui
2424 1832 2573 1881 Prom.

302 1920 351 1954 v.
385 1909 496 1955 496.
528 1922 628 1970 sqq.
663 1907 733 1954 ed.
769 1907 957 1953 Schutz.
1022 1905 1337 1952 Prometheum
1370 1907 1483 1952 facit
1517 1907 1762 1954 dicentem=

759 2000 917 2062 Κνίσσῃ
945 2017 991 2046 τε
1018 1999 1132 2045 κῶλα
1159 1998 1430 2059 συγκαλυπτὰ
1456 2002 1529 2046 καὶ
1554 1998 1718 2061 μακρᾰν

757 2073 908 2140 Ὀσφιὶν
934 2074 1156 2141 πυρώσας,
1185 2079 1485 2140 δυςτέκμαρτον
1509 2080 1572 2133 εἷς
1597 2080 1738 2140 τέχνην

746 2153 929 2203 εὨὀωσα
955 2152 1149 2219 θνητούς.

307 2250 457 2308 Quum
495 2249 763 2311 Aeschylus
808 2253 950 2311 ipsum
991 2252 1116 2297 illum
1150 2252 1488 2311 Prometheum,
1534 2266 1663 2315 quem
1697 2249 1924 2298 Hesiodus
1958 2266 2189 2300 sacrorum
2227 2252 2405 2299 modum
2438 2254 2575 2300 insti-

306 2327 451 2372 tuisse
481 2331 667 2383 narrat,
713 2326 768 2371 de
802 2327 954 2371 eadem
987 2343 1036 2372 re
1070 2328 1327 2390 loquentem
1360 2328 1567 2387 inducat,
1611 2327 1710 2389 quis
1745 2331 1838 2386 est,
1884 2327 1960 2389 qui
1993 2333 2156 2389 neget,
2198 2327 2481 2390 Aeschylum
2516 2329 2574 2375 ad

304 2400 514 2450 fabulam
557 2401 832 2453 Hesiodeam
875 2408 1123 2464 respectum
1167 2403 1419 2450 habuisse?
1497 2405 1629 2449 Κῶλα
1673 2402 1887 2463 tragoedi
1930 2409 2036 2450 sunt
2084 2404 2168 2450 illa
2210 2404 2410 2451 Hesiodi>
2439 2401 2575 2459 ὀστέα,

304 2478 489 2526 Homeri
520 2480 672 2541 μηρία.
738 2477 865 2525 Bene
908 2480 1050 2538 igitur
1092 2478 1363 2527 scholiastes
1405 2478 1462 2527 B.
1508 2478 1568 2526 ad
1608 2476 1654 2525 h.
1702 2477 1735 2525 l.
1777 2476 2005 2542 Aeschyli
2038 2479 2234 2527 addiditz
2265 2483 2391 2527 κῶλα·
2416 2478 2472 2527 τοὶ
2495 2483 2577 2527 τῶν

304 2557 446 2616 μηρῶν
472 2550 604 2612 ὀστᾶ,
641 2559 686 2600 et
719 2554 991 2600 scholiastes
1024 2555 1087 2600 A.
1119 2554 1175 2602 τοὶ
1208 2559 1291 2602 τῶν
1325 2559 1468 2620 μηρῶν
1512 2552 1637 2612 ὀστᾶ,
1684 2557 2014 2617 συγκααλυμένα
2060 2556 2221 2618 κνίσσῃ,
2257 2552 2307 2618 ἢ,
2353 2553 2409 2604 τα
2444 2557 2576 2619 μηρία

305 2634 401 2685 πῶς
436 2635 500 2678 δεῖ
535 2627 840 2691 συγκαλύπτειν
875 2633 1035 2693 κνίσσῃ,
1080 2635 1141 2691 τῷ
1176 2631 1339 2679 ἄνωθεν
1373 2634 1677 2691 ἐπιτεθειμένῳ
1715 2627 1852 2677 αὐτῶν
1886 2633 2018 2678 λίπει.
2094 2630 2352 2693 Hesychius
2398 2645 2575 2694 quoque

306 2723 421 2756 voce
463 2708 577 2753 κῶλα
617 2707 871 2768 significari
908 2722 1017 2753 ossa
1049 2713 1229 2769 praeter
1262 2714 1438 2755 ceteras
1464 2708 1667 2769 corporis
1692 2712 1848 2769 partes
1877 2706 2029 2753 docuit
2059 2707 2238 2754 dicens=
2268 2711 2410 2755 Κῶλα.
2436 2704 2576 2760 πόδες.

307 2786 450 2846 σκέλη.
479 2779 628 2832 ὀστᾶ.
655 2785 781 2846 μέλη.
807 2785 1068 2845 κερκίδες.
1131 2784 1395 2846 Augustius
1439 2786 1571 2832 etiam
1604 2800 1762 2832 vocem
1796 2782 1920 2831 illam
1959 2790 2136 2832 coercet
2167 2786 2319 2846 Etym.
2353 2783 2422 2830 M.
2457 2799 2498 2830 s.
2529 2800 2574 2829 v.

306 2859 471 2921 Κωλὴν,
505 2876 595 2922 quo
626 2861 728 2906 loco
752 2860 869 2906 haec
896 2860 1052 2905 addita
1082 2860 1300 2922 legimus:
1335 2859 1463 2920 ὄνομα
1492 2857 1652 2922 κύριον·
1679 2856 1802 2921 παροῖ
1827 2856 1877 2907 τό
1903 2860 2044 2915 κῶλον,
2070 2854 2095 2906 ὃ
2120 2861 2313 2921 σημαίνει
2340 2854 2389 2905 τὸ
2414 2853 2576 2906 ὀστοῦν·

308 2932 383 2983 διοέ
412 2931 461 2981 τὸ
485 2932 653 2997 ἰσχυρόν
680 2938 755 2982 τοῦ
782 2933 955 2998 α’νδρός·
982 2934 1209 2998 στρατηγὸς
1236 2936 1316 2999 γάρ
1346 2934 1403 2999 ἦν.
1463 2939 1593 2995 Quae
1629 2951 1762 2998 quum
1796 2937 1862 2982 ita
1895 2937 2010 2994 sint,
2036 2936 2320 2981 manifestum
2352 2937 2438 2992 est,
2471 2932 2575 2996 quid
