2834 3402
1278 176 1650 229 -SA

324 326 375 357 re
408 323 501 355 non
536 306 836 355 retardamur.
912 305 1035 353 Pace
1070 312 1269 354 veterum
1303 305 1700 366 grammaticorum
1735 304 1946 366 dixerim,
1991 322 2072 355 eos
2105 321 2195 354 non
2228 309 2366 356 semel
2402 325 2594 375 errasse,

322 385 369 432 id
402 384 527 449 quod
559 386 605 432 in
639 388 851 431 accentus
885 389 996 430 nota
1029 383 1116 430 hac
1148 381 1359 444 ponenda
1393 383 1447 428 iis
1482 382 1615 428 etiam
1646 398 1733 428 usu
1765 383 1923 428 venit..
1967 382 2061 430 Iam
2095 384 2368 434 scholiastes
2391 388 2594 436 Venetus

320 462 386 509 A.
417 459 534 509 bene
576 475 667 507 rem
711 461 967 522 perspexit:
1010 459 1189 520 scripsit
1231 458 1345 504 enim
1391 456 1451 503 ad
1482 456 1536 503 11.
1578 459 1626 517 1,
1670 463 1792 504 464:
1833 451 2115 519 ἀπεφηνάμην
2154 462 2204 506 δὲ
2240 463 2513 525 ἐπελὲστερον
2547 471 2596 512 τὸ

319 546 471 609 μηρίον
497 545 572 592 τοῦ
595 539 734 604 (λήρου
771 539 834 589 ὅν·
870 545 915 589 ἐκ
949 538 1028 603 γάρ
1066 541 1277 601 συγκοπῆς
1295 534 1426 586 αὐτοῦ
1453 534 1638 599 ἐγεγόνει,
1665 538 1825 586 &caim
1850 534 2077 588 εὐθύνεται
2103 539 2127 589 ὁ
2154 537 2278 597 τόνος.
2340 544 2407 593 To?
2433 543 2513 609 γὰρ
2534 550 2596 602 εἷς

319 619 374 680 ΒΞ
405 623 577 686 λήγοντα
613 618 992 679 μεταπλασσόμενα
1029 622 1090 672 εἷς
1130 617 1344 679 οὐδέτερον
1371 620 1484 677 γένος
1519 616 1568 664 τὸ
1593 620 1656 671 εἰς
1689 612 1745 664 οἶ
1759 620 1880 679 λῆγον
1912 616 1982 664 τᾶν
2016 615 2141 667 αὐτόν
2166 617 2279 669 τόνον
2317 621 2543 685 φυλάσσει·
2571 624 2596 673 ὁ

323 700 458 764 ζυγός,
491 696 541 748 τὸ
570 696 706 760 ζυγόν,
745 696 799 747 τοὶ
827 694 948 758 ζυγά,
978 700 1148 760 δίφρος,
1178 701 1349 760 δίφρον,
1378 701 1523 758 δίφροι.
1552 694 1655 743 ὅθεν
1680 698 1720 743 εἰ
1747 699 1819 743 καὶ
1844 693 1998 759 μηρός,
2036 701 2109 745 καὶ
2134 697 2267 762 μηρόν
2293 704 2366 760 καὶ
2391 701 2534 767 μηρά,
2556 707 2595 752 εἰ,

322 791 369 835 δὲ
394 788 536 846 μῆρα,
564 786 637 830 καὶ
662 778 830 843 μήρους.
895 780 1054 844 Neque
1101 780 1194 827 alia
1227 782 1315 827 fuit
1360 780 1413 826 de
1447 785 1559 825 nota
1593 780 1696 825 voci
1729 798 1889 842 μηρους
1918 781 2188 843 apponenda
2224 784 2321 831 eius
2353 788 2592 846 sententia,

322 864 396 925 qui
431 863 477 908 in
509 861 663 921 Etym.
700 857 908 904 Gudiano
941 874 978 904 s.
1013 874 1058 903 v.
1094 854 1231 918 Μὴρα
1265 857 1470 917 scripsit:
1513 852 1674 917 μήρους
1702 857 1923 916 ἐξέταμον,
1954 857 2126 903 nullam
2161 862 2592 922 caussamdaddenrs,

322 954 399 986 cur
442 931 625 997 μὴρους,
668 949 761 980 non
801 931 962 995 μηροῦς
1001 934 1165 993 vellet,
1221 948 1353 996 quum
1392 933 1678 994 grammatici
1722 933 2132 993 argumentationis
2175 950 2343 982 caussa
2386 938 2592 1001 exempla

318 1013 600 1073 subiungere
634 1010 831 1057 soleant.
882 1009 1017 1057 Unde
1050 1012 1095 1057 in
1129 1014 1286 1071 aperto
1323 1013 1415 1067 est,
1450 1008 1575 1056 illum
1610 1008 1755 1069 ipsum
1790 1022 1882 1054 non
1916 1008 2061 1055 fuisse
2096 1011 2336 1072 incertum,
2373 1013 2478 1076 quid
2510 1016 2592 1060 fa-

319 1096 454 1149 ceret,
487 1103 634 1151 neque
669 1085 875 1149 exemplo
907 1103 1000 1133 rem
1033 1086 1295 1132 firmandam
1327 1090 1531 1148 putasse.
1588 1085 1659 1131 lta
1682 1085 1747 1145 fit,
1773 1090 1823 1130 ut
1846 1083 2129 1132 scribendum
2160 1088 2219 1133 sit
2250 1090 2393 1149 μῆρος,
2420 1085 2591 1151 μήρους,

317 1184 410 1214 non
441 1165 592 1225 μηροί,
627 1169 673 1208 et
703 1160 752 1207 τό
778 1164 945 1223 μηρίον,
973 1161 1029 1211 vo?
1055 1164 1187 1223 μηρία
1221 1178 1321 1208 esse
1355 1177 1516 1209 nomen
1550 1162 1868 1208 deminutivum
1899 1161 2201 1223 intelligatur.
2616 1161 2618 1164 ’

449 1242 546 1289 lam
591 1240 770 1287 exsistit
807 1240 1015 1301 quaestio
1061 1238 1373 1299 subdifficilis,
1418 1256 1534 1303 quae
1568 1241 1629 1287 sit
1661 1240 1732 1287 vis
1767 1237 1974 1286 subiecta
2005 1240 2109 1285 voci
2139 1240 2271 1299 μῆρος
2305 1244 2349 1285 et
2384 1238 2591 1286 deminu-

320 1325 417 1368 tivo
451 1319 620 1365 nomini
650 1318 810 1377 μηρίον.

448 1395 665 1442 Alienum
701 1397 822 1438 esset
855 1407 884 1437 a
917 1407 966 1437 re
998 1393 1251 1452 proposita,
1284 1408 1436 1438 omnes
1469 1393 1598 1438 locos
1629 1407 1688 1438 ex
1714 1390 1900 1438 Homeri
1930 1389 2203 1438 carminilms
2237 1393 2394 1451 citare,
2427 1392 2589 1455 quibus

316 1470 450 1534 μηρός
480 1486 575 1517 vox
607 1483 793 1516 numero
830 1466 1059 1527 singulari
1095 1467 1169 1512 vel
1202 1467 1372 1526 plurali
1403 1466 1480 1513 vel
1516 1466 1642 1513 duali
1675 1468 1924 1526 invenitur,
1957 1484 2113 1529 quum,
2148 1468 2226 1530 qni
2258 1484 2338 1516 eos
2369 1471 2587 1530 inspicere

316 1547 453 1605 velit,
487 1547 532 1593 in
560 1543 756 1592 Dammii
787 1541 902 1589 Lex.
937 1540 1069 1588 Hom.
1105 1541 1297 1605 aliisque
1331 1543 1577 1606 glossariis
1613 1541 1833 1590 collectos
1867 1544 2078 1606 reperiat.
2153 1543 2305 1594 Unum
2339 1546 2588 1594 alterumve

313 1630 485 1672 tantum
517 1620 880 1669 ratiocinationis
916 1633 1084 1665 caussa
1118 1620 1319 1680 profero.
1386 1619 1604 1681 Legimus
1637 1618 1691 1665 11.
1729 1621 1780 1679 5,
1816 1626 1913 1667 660.
1945 1636 2073 1685 sqq.=

765 1708 1039 1774 ἸἎηπὸλεμος
1066 1707 1107 1757 δ’
1133 1710 1217 1773 ἄρα
1243 1709 1374 1773 μηρὸν
1401 1708 1616 1776 οἷριστερδν
1641 1713 1756 1773 ἐῆνχεϊ
1778 1716 1926 1775 μακρῷ

766 1787 990 1853 Βεβλήκει·
1018 1788 1151 1852 αἰχμή
1179 1793 1228 1837 δὲ
1256 1793 1451 1840 διέσσυτο
1477 1786 1736 1850 μαιμώωσα,

761 1865 908 1928 Ὀστέῳ
937 1871 1260 1931 ἐγχριμφθεῖσα.

314 1965 615 2013 Manifestum
654 1967 749 2019 est,
796 1961 886 2009 hoc
927 1963 1031 2008 loco
1075 1980 1190 2010 voce
1230 1963 1362 2027 μηρὸν
1398 1966 1651 2026 significari
1699 1966 1870 2022 femur,
1913 1965 2049 2025 quale
2090 1965 2137 2010 in
2169 1979 2357 2024 corpore
2391 1964 2586 2012 humano

316 2043 535 2103 adspectu
570 2039 786 2095 sentitur,
832 2039 1017 2100 eiusque
1050 2042 1223 2101 partem
1261 2041 1516 2088 interiorem
1550 2037 1690 2089 ὀστέον
1723 2039 1961 2102 appellari.
2027 2038 2149 2087 idem
2193 2039 2410 2098 efficitur,
2453 2055 2587 2103 quum

311 2117 510 2178 legimus
543 2114 598 2160 11.
638 2116 720 2172 11,
751 2119 847 2160 583.
886 2128 1010 2178 sqq.:

1161 2198 1233 2243 καί
1258 2217 1332 2255 μιν
1356 2194 1465 2257 βάλε
1487 2195 1618 2260 μηρὸν
1644 2194 1773 2256 δι’στῷ

765 2270 930 2330 Δεξιόν·
959 2270 1147 2336 ἐκλάσθη
1176 2278 1226 2322 δὲ
1253 2272 1398 2334 δόναξ,
1426 2274 1601 2339 ἐβάρυνε
1629 2280 1679 2324 δὲ
1701 2272 1845 2339 μηρόν.

309 2370 517 2419 Femoris
555 2368 673 2417 enim
707 2382 842 2416 carne
876 2372 1112 2431 perfossa,
1156 2374 1203 2419 in
1244 2376 1390 2434 ossis,
1434 2372 1557 2436 quod
1600 2374 1647 2419 in
1681 2389 1735 2419 eo
1769 2371 1954 2430 haeret,
1996 2371 2231 2433 superficie
2265 2370 2439 2416 arundo
2472 2386 2584 2432 per-

309 2448 544 2509 fringitur.
612 2445 687 2491 Ea
721 2446 1031 2508 interpretatio
1065 2448 1251 2496 fulcitur
1286 2449 1357 2498 his
1391 2449 1520 2499 locis.
1587 2447 1659 2497 De
1692 2447 1912 2497 Menelao
1946 2463 1976 2496 a
2007 2446 2223 2496 Pandaro
2263 2447 2440 2507 sagitta
2469 2446 2584 2493 vul-

308 2529 468 2569 nerato
504 2523 704 2582 legimus
738 2522 792 2566 ll.
831 2524 883 2578 4,
923 2528 1040 2582 146.:
1078 2521 1264 2587 μιάνθην
1292 2525 1443 2584 αἵματι
1469 2525 1608 2589 μηροὶ.
1658 2524 1822 2575 Ulixes
1857 2540 1955 2574 cum
1989 2523 2063 2573 lro
2097 2526 2388 2586 pugnaturus
2423 2522 2582 2569 accin-

306 2602 380 2662 git
412 2614 462 2646 se
495 2597 581 2645 od.
623 2601 705 2656 18,
748 2606 843 2655 66„
873 2603 996 2658 φαῖνε
1025 2601 1071 2643 δὲ·
1097 2599 1257 2660 μηροῦς
1283 2598 1453 2655 Καλούς
1478 2620 1525 2647 τε
1550 2598 1756 2662 μεγάλους
1782 2620 1852 2649 vet
1896 2602 1950 2649 (le
1993 2601 2236 2662 eodemque
2275 2598 2414 2645 Ulixe
2448 2599 2581 2645 Lao-

307 2676 483 2734 damas‚
515 2675 706 2722 Alcinoi
740 2673 877 2732 filius,
913 2673 1040 2719 dicit=
1073 2672 1186 2736 φυήν
1212 2694 1257 2734 γε
1283 2678 1360 2733 μὲν
1387 2672 1439 2722 ου’
1464 2672 1588 2730 κακός
1614 2678 1724 2724 ἐστιν
1752 2673 1936 2739 ΙΠηρούς
1962 2694 2009 2723 τε
2035 2672 2193 2737 κνήμας
2218 2693 2265 2722 τε
2294 2681 2379 2721 cet.
2416 2674 2581 2720 'Prae-

306 2758 434 2799 terea
470 2750 550 2804 alii
585 2751 766 2813 quidam
801 2749 891 2795 loci
925 2748 1013 2794 huc
1047 2749 1269 2795 referendi
1303 2755 1433 2811 sunt,
1483 2752 1560 2815 qui
1591 2751 1750 2815 paullo
1786 2752 1908 2799 infra
1943 2749 2225 2812 citabuntur,
2260 2749 2339 2799 ubi
2373 2751 2428 2799 de
2469 2752 2579 2800 ἐκτέ-

304 2848 417 2887 μνειν
449 2844 565 2875 voce
599 2827 832 2875 dicendum
868 2828 974 2885 erit,
1019 2844 1157 2889 quare
1193 2844 1271 2873 eos
1315 2828 1529 2876 brevitati
1570 2830 1803 2877 studentes
1848 2828 1934 2875 hoc
1967 2830 2070 2875 loco
2107 2830 2363 2875 omittimus.
2427 2827 2579 2874 Prae-

303 2910 428 2952 terea
463 2905 692 2952 invenitur
726 2906 770 2951 in
805 2902 1079 2951 carminibus
1114 2902 1360 2951 Homericis
1396 2921 1512 2951 unus
1548 2921 1734 2964 versus,
1771 2921 1857 2967 quo
1891 2905 2025 2969 μηρός
2056 2905 2284 2954 vocabulo
2322 2904 2416 2951 alia
2449 2906 2576 2952 notio

300 2982 580 3032 subiicienda
617 2987 712 3042 est,
754 2982 808 3031 11.
846 2985 899 3044 5,
945 2986 1043 3030 305.
1075 2996 1199 3046 sqq„
1242 2980 1294 3031 de
1341 2999 1429 3047 quo
1478 2981 1633 3032 eodem
1675 2981 1833 3046 paullo
1869 2989 1988 3046 post.
2066 2984 2118 3033 In
2151 2985 2206 3036 iis
2242 2988 2417 3046 autem,
2460 2998 2575 3048 quos
