2834 3402
1250 206 1621 262 -4-

303 350 393 403 quo
424 334 530 383 loco
551 334 779 398 Penelope
813 335 1027 396 affirmat,
1048 352 1099 383 se
1131 351 1216 383 sua
1246 337 1387 398 ipsius
1423 338 1468 379 et
1500 334 1772 380 famularum
1794 349 1935 396 opera
1969 336 2194 382 custodire
2230 340 2274 381 et
2305 334 2567 395 observare,

300 412 560 477 ubicunque
590 414 681 462 sint
711 427 794 474 per
827 416 1008 459 totam
1043 412 1249 458 domum
1280 410 1568 473 perficienda.
1621 411 1731 457 Inde
1765 411 1847 457 lux
1879 411 2071 457 affertur
2101 412 2256 458 versui
2291 413 2399 458 598.
2434 409 2567 457 ibid.=

1369 500 1424 549 οὐ
1451 506 1501 550 δὲ
1527 505 1643 561 λέξεο
1667 500 1769 563 τῷδ’
1793 506 1853 552 ἐνὶ
1880 508 1998 563 οἴκῳ,

299 614 434 666 quem
473 614 651 648 versum
692 598 925 647 Dammius
973 600 1019 645 in
1059 598 1171 644 Lex.
1207 596 1339 643 Hom.
1372 612 1608 659 perperam
1650 598 1972 659 interpretatus
2013 602 2083 645 est
2116 597 2416 657 contendens,
2460 596 2571 650 οἶκος

298 689 455 725 vocem
488 677 735 738 angustius
768 675 855 722 hoc
885 675 988 721 loco
1023 674 1205 733 valere,
1246 676 1375 737 eique
1416 675 1643 721 notionem
1678 676 1773 721 eius
1817 674 2048 722 conclavis
2089 676 2187 722 sive
2223 672 2417 721 cubiculi
2451 673 2570 721 suh-

299 750 534 802 iiciendam
570 766 697 811 esse,
739 752 784 797 in
827 764 915 815 quo
948 750 1176 814 Penelope
1221 765 1319 797 cum
1353 749 1491 797 Ulixe
1527 749 1587 795 ad
1620 751 1772 821 focum
1814 749 2020 798 sedehat.
2085 750 2137 797 Id
2182 751 2295 797 enim
2339 753 2437 796 erat
2480 750 2569 796 tri-
2623 762 2628 766 ·

302 829 505 885 eunium,
551 829 671 888 quod
713 833 851 887 poeta
881 843 957 872 vv.
994 831 1071 874 47.
1107 834 1152 873 et
1187 832 1261 873 51.
1294 829 1474 887 μέγαρον
1507 827 1734 888 appellat,
1783 829 1850 873 uti
1890 844 1936 872 v.
1971 830 2048 874 87.
2085 827 2228 873 eiusd.
2262 825 2570 873 habitationes

299 902 574 952 famularum
604 903 768 963 μέγαρα
799 908 1049 949 vocanturz

987 1040 989 1042 ,
1088 983 1158 1031 τὼ
1181 981 1220 1030 δ’
1247 983 1363 1039 οὔτις
1386 988 1447 1034 ἐνὶ
1474 982 1694 1047 μεγάροισι
1720 987 1924 1045 γυναικῶν

750 1060 902 1123 Λήθει
929 1059 1320 1121 ἆτασθάλλουσ’(α.)

431 1167 578 1225 Quam
619 1167 708 1214 va
741 1168 844 1215 voci
886 1163 997 1223 οἶκος
1039 1166 1361 1217 subiiciendam
1406 1185 1507 1218 esse
1550 1173 1790 1233 postquam
1833 1167 2263 1226 demonstravimus,
2308 1163 2567 1217 accuratius

299 1241 635 1290 consideremus
667 1242 814 1290 locum
847 1243 903 1290 11.
937 1246 1022 1304 24,
1057 1251 1184 1291 471.=

1086 1339 1216 1401 γέρων
1244 1340 1484 1402 (Πρίαμος)
1518 1336 1557 1387 δ’
1583 1338 1688 1395 ἰθύς
1713 1340 1798 1389 κίεν
1823 1341 1961 1396 οἴκου,

301 1421 374 1467 eui
406 1420 677 1468 conferimus
710 1436 755 1467 v.
792 1423 926 1467 5722

1000 1505 1216 1564 Πηλείδης
1242 1500 1284 1548 δ’
1308 1507 1439 1550 οἴκοιο
1465 1539 1476 1550 .
1504 1539 1517 1551 .
1543 1517 1590 1553 .’.
1612 1540 1624 1551 .
1650 1501 1751 1553 ἆλτο
1776 1502 1950 1566 θύραζε.

298 1592 505 1658 Utroque
544 1595 649 1643 loco
685 1597 925 1643 tentorium
957 1596 1157 1643 Achillis
1190 1595 1301 1651 οἶκος
1328 1614 1485 1645 vocem
1530 1599 1788 1661 intelligere
1829 1602 2033 1660 apertum
2078 1600 2162 1641 est.
2231 1593 2365 1653 Quod
2397 1593 2437 1640 si
2471 1593 2567 1639 eius

297 1670 665 1732 descriptionem,
704 1688 819 1734 quae
854 1678 923 1719 est
957 1674 1080 1734 apud
1109 1673 1374 1734 Homerum,
1409 1680 1621 1721 accurate
1655 1674 1935 1738 perpendas,
1968 1672 2152 1729 videas,
2187 1670 2322 1732 quale
2358 1673 2402 1714 et
2435 1681 2567 1729 quam

296 1749 549 1808 spatiosum
594 1750 746 1795 fucrit.
810 1749 963 1796 Versu
1008 1752 1121 1795 enim
1168 1754 1277 1797 471.
1325 1767 1424 1813 sqq.
1468 1757 1607 1812 poeta
1649 1751 1823 1813 prodit,
1865 1750 2092 1796 Priamum
2134 1763 2291 1807 regem
2332 1762 2412 1808 per
2453 1744 2566 1791 illud

296 1825 537 1870 tentorium
570 1839 827 1885 permeasse
873 1832 917 1872 et
959 1827 1005 1872 in
1047 1842 1145 1873 eam
1186 1832 1359 1888 partem
1393 1829 1600 1887 venisse,
1645 1826 1724 1874 ubi
1755 1826 1983 1874 Achillem
2018 1841 2116 1872 cum
2150 1823 2487 1870 Automedonte
2521 1827 2565 1867 et

295 1896 506 1959 Alcimo‚
549 1902 792 1947 carissimis
834 1900 1009 1948 duobus
1054 1904 1216 1961 sociis,
1261 1905 1531 1965 reperisset:
1577 1908 1752 1951 ceteros
1798 1905 1895 1971 eius
1941 1903 2090 1949 socios
2135 1899 2338 1947 seorsum
2383 1899 2412 1945 i.
2449 1913 2488 1944 e.
2519 1898 2563 1943 in

298 1975 393 2022 alio
430 1976 637 2023 conclavi
672 1983 968 2023 commoratos
1005 1993 1120 2023 esse.
1197 1977 1403 2025 Divisum
1450 1983 1563 2027 enim
1599 1987 1698 2026 erat
1739 1982 1786 2026 in
1817 1981 1949 2025 varia
1991 1978 2051 2024 ad
2081 1978 2237 2023 varios
2270 1991 2383 2021 usus
2418 1975 2565 2020 desti-

294 2053 409 2099 nata
440 2050 665 2113 membra,
697 2053 743 2100 id
775 2053 894 2115 quod
927 2055 1245 2101 summatim
1278 2058 1519 2117 exponitur
1546 2072 1684 2103 versu
1719 2058 1854 2103 512.=

973 2148 1055 2193 τῶν
1081 2149 1130 2193 δὲ
1157 2146 1340 2210 στοναχή
1363 2146 1471 2195 xmo?
1500 2143 1699 2206 δώματ’
1721 2143 1904 2209 &peip-eu:

293 2242 536 2302 praeterea
563 2241 695 2286 etiam
719 2256 800 2302 per
824 2241 1094 2301 singulas
1118 2257 1178 2303 sp
1193 2243 1312 2288 ecie
1327 2258 1372 2302 S,
1396 2259 1453 2289 ex
1476 2242 1638 2306 quibus
1663 2247 1800 2304 poeta
1826 2241 1880 2288 de
1906 2240 2066 2287 diaetis
2090 2239 2362 2287 famularum
2383 2253 2428 2283 v.
2454 2239 2562 2283 582.

292 2316 563 2361 mentionem
608 2317 743 2374 facit,
783 2332 926 2377 neque
960 2333 1005 2361 v.
1042 2319 1151 2363 643.
1188 2320 1372 2376 omittit,
1419 2318 1646 2365 Achillem
1682 2319 1831 2363 socios
1875 2333 2123 2378 servasque
2159 2317 2348 2362 iussisse
2380 2314 2560 2360 Priamo

294 2390 481 2454 eiusque
517 2391 666 2437 comiti
712 2390 855 2437 lectos
891 2390 1173 2440 cubiculares
1209 2400 1409 2442 sternere
1443 2390 1518 2441 ὑπ’
1546 2389 1756 2456 αἰθούσῃ,
1801 2392 1922 2456 quod
1957 2399 2055 2440 erat
2083 2392 2240 2439 domus
2273 2388 2560 2449 vestibulum,

291 2466 442 2529 ibique
477 2462 709 2514 Troianos
743 2467 850 2514 illos
886 2469 974 2514 duo
1011 2469 1302 2530 decubuisse,
1345 2487 1478 2533 quum
1512 2470 1718 2517 Achilles
1753 2471 1849 2531 ipse
1894 2472 1939 2516 i'n
1968 2482 2157 2517 'recessu
2199 2469 2400 2526 tentorii,
2441 2469 2562 2526 μυχῷ

290 2542 449 2604 κλισίης
491 2559 538 2588 v.
587 2545 722 2602 675.‚
769 2543 997 2590 dormiret.
1075 2545 1233 2608 Neque
1269 2548 1424 2594 decrat
1467 2549 1512 2594 in
1555 2546 1642 2593 hoc
1686 2545 1984 2593 tabernaculo
2024 2546 2197 2602 culina,
2239 2546 2284 2590 in
2327 2559 2417 2606 qua
2452 2558 2558 2589 caro

289 2616 575 2677 frigebatur:
619 2635 711 2663 non
748 2621 862 2664 euim
898 2620 1053 2665 dubito
1090 2625 1381 2682 contendere,
1417 2627 1463 2669 in
1497 2640 1550 2669 eo
1586 2629 1787 2669 assatam
1822 2639 1923 2668 csse
1959 2637 2110 2678 ovem,
2156 2621 2280 2665 cuius
2312 2620 2475 2665 mentio
2509 2619 2560 2663 fit

289 2709 336 2739 v.
372 2694 483 2739 621.
517 2710 614 2756 sqq.
671 2695 723 2740 ln
759 2696 1018 2741 universum
1053 2698 1194 2757 igitur
1226 2699 1456 2745 dicendum
1493 2701 1590 2757 erit,
1612 2698 1811 2745 Achillis
1844 2698 2083 2744 tentorium
2119 2698 2214 2742 eius
2249 2695 2367 2742 modi
2398 2696 2557 2752 fuisse,

292 2775 341 2814 ut
374 2768 532 2815 domos
569 2778 611 2816 et
644 2786 807 2831 regum
840 2771 1018 2832 palatia
1050 2773 1093 2818 in
1127 2773 1309 2820 Homeri
1344 2774 1613 2821 carminibus
1650 2775 1876 2834 descripta
1910 2773 2173 2818 invenimus.

422 2846 542 2906 Quid
586 2852 734 2894 autem
779 2848 923 2895 dicam
969 2847 1024 2894 de
1057 2847 1325 2911 Polyphemi
1361 2851 1563 2913 cyclopis
1599 2857 1756 2909 antro,
1802 2849 1922 2911 quod
1955 2848 2070 2895 idem
2104 2847 2187 2896 ed.
2225 2852 2276 2908 9,
2322 2854 2420 2896 478.
2450 2845 2559 2902 οἶκος

294 2921 487 2969 dicitur?
554 2923 675 2971 Num
717 2930 838 2972 recte
880 2940 910 2972 a
954 2929 1061 2970 vate
1108 2940 1160 2970 eo
1205 2927 1382 2973 nomine
1427 2927 1651 2990 appellari
1694 2923 1877 2988 potuit?
1941 2924 2085 2972 Nemo
2119 2926 2286 2972 infitias
2322 2931 2421 2984 eat,
2464 2940 2556 2972 rem

290 2998 358 3046 sic
387 3013 438 3049 se
470 2997 714 3063 hahuisse,
749 3004 825 3066 qui
852 3001 1163 3067 perpenderit,
1205 3002 1250 3050 id
1282 3008 1458 3052 autrum
1493 3003 1724 3067 complura
1757 3001 1947 3051 stabula
1980 3002 2261 3066 complexum
2296 3017 2421 3063 esse,
2469 3017 2564 3049 ne-
