2834 3402
1223 230 1285 238 -
1383 204 1480 260 1ss
1577 230 1641 239 ..-

298 339 535 400 quisquam
570 331 899 383 dubitationis?
968 334 1057 393 Qui
1096 334 1298 395 corporis
1330 332 1515 379 humani
1547 332 1876 382 ordinationem
1908 337 1954 380 et
1974 331 2326 396 ‘dispositionem
2359 330 2562 392 ignorat,

296 411 523 476 adspiciat
554 410 686 459 nudis
721 408 905 457 ossibus
939 409 1250 457 cohaerentem
1281 409 1494 471 figuram,
1520 423 1653 474 quam
1687 409 1844 458 medici
1887 407 2102 457 sceletum
2129 411 2315 455 vocant.
2366 406 2420 454 In
2447 420 2563 454 cavo

296 488 496 555 quodam
526 488 698 552 pelvis,
736 501 855 551 quae
887 492 1104 546 vocatur,
1136 486 1183 533 in
1217 501 1337 534 coxa
1367 487 1560 535 vertitur
1591 488 1688 535 eius
1725 488 1842 535 ossis
1867 489 2030 549 caput,
2066 484 2188 548 quod
2222 501 2275 532 os
2308 488 2380 531 est
2407 484 2455 531 in
2485 483 2564 530 fe-

295 580 437 613 more.
517 564 691 611 Coxam
731 567 871 611 vocat
908 560 1132 610 Homerus
1162 563 1299 622 ἰσχίον
1334 567 1403 624 et,
1450 578 1567 628 quae
1599 580 1649 612 re
1683 569 1728 612 et
1760 564 1938 611 nomine
1971 566 2067 622 est,
2097 556 2295 624 και-ὕλην,
2328 575 2382 609 os
2413 565 2564 608 antem

296 642 482 689 semoris
510 636 659 702 μηρόν.
742 639 888 687 Huius
921 654 1031 685 vero
1079 640 1198 685 ossis
1232 645 1390 702 caput,
1431 633 1553 703 quod
1586 641 1774 700 dicitur,
1819 653 2036 700 magnum
2069 637 2322 700 ligamento
2351 635 2564 695 rotundo,

299 717 418 781 quod
450 715 600 779 vulgo
633 720 802 763 vocant
835 719 977 773 teres,
1023 714 1128 761 licet
1159 730 1324 762 revera
1355 715 1539 777 planum
1571 718 1659 776 sit,
1700 714 1943 764 acetabulo
1976 716 2175 762 iunctum
2207 718 2302 773 est,
2344 713 2441 759 eius
2473 727 2565 759 au-

300 801 383 841 tem
417 791 585 840 collum
632 808 724 839 una
768 807 866 839 cum
903 791 1050 852 capite
1090 789 1281 837 robusto
1315 790 1565 851 ligamento
1598 792 1837 849 annulari,
1884 791 2006 854 quod
2039 788 2098 836 ab
2132 788 2304 835 ambitu
2337 786 2567 835 acetalmli

300 869 464 927 oritur,
510 873 736 930 tamquam
771 865 963 928 capsula
998 866 1212 928 cingitur.
1285 866 1360 914 En
1392 864 1525 929 ἄμφω
1550 863 1730 915 verone!
1807 866 1875 915 Ut
1917 867 2108 930 denique
2139 865 2216 912 vel
2246 864 2478 912 levissima
2511 863 2568 911 de

298 961 375 1004 ea,
408 960 542 1007 quam
577 943 830 1006 explicavi,
872 944 998 989 vocis
1029 940 1163 1004 μηρὸς
1195 945 1529 1004 significatione
1562 951 1608 991 et
1639 946 1686 991 vi
1719 945 1913 991 tollatur
1946 943 2194 1001 dubitatio,
2234 941 2446 988 lectorem
2480 940 2567 988 de-

294 1021 406 1081 lego
441 1020 502 1066 ad
530 1019 674 1066 verba
703 1016 808 1065 ὦσεν
834 1014 925 1064 «ind
952 1016 1062 1078 ῥινὸν
1088 1017 1242 1080 τρηχύς
1268 1022 1415 1079 λίθος,
1450 1019 1613 1083 quibus
1647 1035 1778 1080 caro,
1820 1034 1912 1083 qua
1945 1034 2001 1066 os
2031 1020 2218 1066 femoris
2246 1016 2566 1066 circumdatum

296 1103 389 1156 est,
425 1098 518 1143 ossi
553 1098 641 1158 ipsi
672 1101 828 1157 aperte
863 1096 1124 1156 opponitur.

426 1174 580 1233 Quare
617 1189 750 1236 quum
782 1171 955 1218 nullam
995 1169 1321 1218 dubitationem
1354 1170 1555 1230 haheat,
1594 1188 1708 1218 voce
1750 1172 1833 1219 illa
1861 1174 1996 1237 μηρός
2031 1178 2214 1234 poetam
2246 1176 2450 1218 nostrum
2488 1173 2568 1218 fe-

294 1253 433 1302 moris
468 1267 522 1298 os
556 1256 740 1309 notare,
779 1249 878 1312 quis
914 1254 1007 1308 est,
1052 1250 1129 1311 qui
1172 1254 1340 1310 neget,
1381 1250 1514 1296 etiam
1552 1251 1648 1296 eius
1682 1248 1811 1296 verbi
1844 1264 2029 1296 numero
2060 1248 2231 1311 plurali
2263 1248 2379 1296 idem
2412 1249 2568 1309 signi-

296 1326 462 1373 ficari?
527 1327 572 1373 ls
608 1332 756 1373 autem
791 1326 1015 1373 invenitur
1048 1323 1195 1372 tribus
1229 1330 1402 1372 tantum
1437 1325 1574 1384 lociS,
1621 1327 1697 1387 qui
1742 1329 1849 1375 sunt
1875 1325 1933 1374 ΙΙ.
1969 1327 2018 1384 1,
2053 1331 2178 1385 460„
2213 1327 2269 1385 2,
2313 1330 2437 1384 423„
2481 1322 2567 1371 od.

304 1406 386 1460 12,
420 1410 545 1461 360.,
580 1402 741 1464 quibus
776 1416 909 1446 sacra
943 1406 1210 1463 pei-patrata
1243 1399 1576 1447 describuntur.
1640 1400 1902 1465 Antequam
1936 1405 2085 1461 autem
2116 1400 2260 1449 lector
2300 1416 2379 1449 eos
2418 1401 2570 1463 inspi-

301 1482 416 1537 ciat,
451 1480 637 1524 evolvat
668 1485 831 1538 poetae
863 1478 1007 1523 verba
1040 1478 1124 1522 Od.
1161 1480 1217 1535 3,
1250 1485 1376 1535 456„
1410 1492 1528 1539 quae
1563 1483 1693 1522 sunta
1728 1476 1849 1539 ἄφαρ
1876 1474 1915 1522 δ’
1941 1479 1988 1523 ἐκ
2013 1479 2146 1539 μηρία
2172 1474 2349 1537 τάμνον,
2397 1481 2443 1524 et
2476 1475 2568 1523 ob-

297 1560 472 1613 servet,
517 1554 672 1601 eadem
703 1555 837 1615 μηρία
871 1569 900 1600 a
932 1560 1069 1614 poeta
1101 1569 1240 1600 versu
1277 1557 1389 1600 461.
1424 1556 1542 1614 μῆρα
1571 1556 1756 1611 vocari,
1801 1569 1935 1616 quum
1965 1553 2130 1598 addatz
2163 1550 2316 1615 Αὖτᾶρ
2337 1555 2435 1600 ἐπεὶ
2461 1551 2571 1600 xmo?

295 1626 393 1691 μῆρ’
420 1626 535 1691 ἐκάη.
594 1632 732 1691 Μῆρα
763 1631 907 1691 igitur
935 1636 1057 1689 sunt,
1090 1646 1208 1692 quae
1239 1632 1388 1691 μηρία.
1454 1631 1624 1676 Verum
1655 1633 1773 1691 μῆρα
1799 1632 1933 1676 etiam
1963 1635 2084 1688 sunt,
2119 1631 2195 1692 qui
2225 1631 2367 1691 μηρυί.
2436 1631 2571 1676 Scri-

294 1706 386 1768 psit
419 1707 706 1769 euim‚p0eta
748 1705 918 1766 tribus,
961 1724 1075 1769 quos
1116 1706 1249 1754 modo
1281 1707 1442 1766 citavi,
1481 1706 1620 1754 locis:
1664 1702 1847 1768 Μηροῦς
1872 1702 1909 1753 τ’
1934 1707 2155 1764 ἐξέταμον,
2199 1712 2244 1751 et
2277 1706 2449 1753 addidit
2482 1725 2570 1753 eo-

295 1783 480 1827 rundem
510 1782 729 1829 librorum
761 1781 970 1829 versibus
1003 1785 1137 1843 464„
1175 1786 1307 1844 427„
1339 1785 1477 1831 364.:
1512 1779 1664 1845 Αὖτοῖρ
1691 1783 1788 1831 ἐπεὶ
1811 1777 1919 1829 κατα
1937 1777 2038 1844 μῆρ’
2062 1776 2182 1843 ἐκάη.
2247 1779 2404 1830 Maior
2435 1782 2567 1829 etiam

296 1860 564 1918 similitudo,
610 1861 739 1906 immo
785 1860 1042 1923 aequalitas
1075 1860 1235 1907 horum
1268 1861 1472 1907 locorum
1510 1865 1726 1923 apparet:
1775 1860 1822 1905 in
1855 1858 2013 1904 ultima
2049 1860 2162 1905 enim
2195 1857 2355 1906 harum
2392 1858 2568 1906 descri-

296 1938 499 1997 ptionum
542 1942 703 1981 narrat
741 1942 904 1995 poeta:
952 1935 1073 1996 ἄφαρ
1102 1934 1141 1982 δ’
1165 1939 1210 1982 ἐκ
1236 1940 1369 1999 μηρία
1396 1935 1549 1994 τάμνον
1576 1971 1587 1981 .
1615 1971 1626 1980 .
1654 1970 1665 1980 .
1693 1970 1705 1979 .
1732 1932 1865 1981 κατά
1892 1952 1947 1979 τε
1973 1936 2158 1995 κνίσσῃ
2188 1933 2488 1996 ἐκάλυψαν,
2523 1938 2568 1980 ἰη

298 2011 486 2072 reliquis
522 2017 672 2057 autem
707 2010 880 2057 tribus:
914 2008 1095 2072 Μηροὺς
1121 2008 1158 2056 τ’
1184 2012 1399 2070 ἐξέταμον,
1426 2007 1554 2059 κατά
1581 2028 1638 2056 τε
1664 2011 1842 2073 κνίσσῃ
1870 2005 2153 2073 ἐκάλυψαν.

426 2087 706 2133 Herodotum
740 2101 922 2148 quoque
949 2088 1167 2131 femorum
1200 2101 1308 2131 ossa
1341 2085 1500 2148 μηροῠς
1530 2102 1643 2131 voce
1679 2085 1923 2131 denotasse
1957 2086 2174 2133 dicentem
2208 2085 2287 2134 lib.
2322 2086 2425 2145 HL,
2467 2102 2566 2148 cap.

299 2167 420 2207 103.:
463 2154 648 2219 κάμηλος
685 2161 729 2205 ἐν
763 2164 874 2205 τοῖσι
907 2155 1152 2205 ὀπισθίοισι
1185 2159 1348 2205 σκέλεσι
1381 2157 1470 2213 ἔχει
1503 2160 1770 2217 τέσσαρας
1804 2156 2007 2219 μηροΰς
2043 2161 2114 2203 καὶ
2149 2154 2330 2217 γούνατα
2371 2159 2568 2218 τέσσαρα,

294 2231 554 2292 argumenti
596 2229 699 2275 loco
734 2246 913 2288 eorum,
959 2245 1076 2291 quae
1121 2229 1332 2277 docuisse
1376 2229 1480 2276 mihi
1513 2229 1696 2288 videor,
1740 2244 1832 2275 non
1865 2244 2064 2290 sumam,
2111 2231 2274 2294 quippe
2309 2229 2384 2293 qui
2413 2229 2565 2289 sciam,

293 2306 559 2367 Homer-,icas
591 2323 754 2365 voces,
800 2307 953 2367 quoad
979 2308 1077 2353 fieri
1108 2308 1283 2367 possit,
1328 2322 1386 2352 ex
1417 2308 1559 2367 ipsius
1593 2311 1757 2367 poetae
1801 2305 2071 2353 carminibus
2107 2323 2209 2353 esse
2243 2305 2564 2353 enucleandas.

296 2383 583 2443 Significatio
630 2384 743 2428 enim
787 2388 831 2427 et
873 2398 983 2427 usus
1027 2382 1268 2427 multorum
1302 2382 1631 2428 vocabulorum
1674 2383 1944 2443 procedente
1985 2388 2185 2445 tempore
2227 2387 2401 2429 mutata
2444 2390 2564 2442 sunt,

295 2475 439 2521 neque
473 2459 643 2517 desint,
691 2459 767 2519 qui
804 2457 912 2504 mihi.
950 2457 1172 2504 Herodoti
1214 2458 1360 2505 verba
1404 2460 1449 2505 in
1495 2466 1810 2520 argumentum
1855 2475 2011 2506 earum
2050 2476 2221 2518 rerum,
2266 2475 2381 2521 quas
2417 2459 2564 2517 docui,

294 2534 382 2581 huc
414 2536 629 2582 afferenti
659 2550 744 2581 suo
779 2535 876 2581 iure
909 2533 1051 2581 verba
1075 2534 1244 2602 ¹Bionis
1280 2541 1538 2598 opponant,
1584 2537 1659 2598 qui
1692 2535 1758 2581 ld.
1792 2536 1835 2595 1,
1881 2538 1959 2583 84.
1994 2541 2174 2594 narrat,
2217 2535 2421 2582 Adonidi
2452 2535 2566 2581 vul-

296 2617 453 2656 nerato
500 2610 755 2672 complures
799 2610 967 2656 mederi
1008 2612 1263 2671 studuisse,
1308 2627 1496 2674 quorum
1538 2627 1655 2658 unus
1700 2616 1937 2658 narratura
1981 2609 2082 2659 ὅδὲ
2107 2613 2240 2673 μηρία
2265 2607 2399 2659 λούει..
2462 2612 2565 2669 Qua

293 2702 408 2732 voce
452 2688 583 2746 μηρία
624 2686 815 2733 Bionem
860 2686 1039 2732 easdem
1081 2687 1217 2748 plane
1261 2689 1463 2748 corporis
1506 2693 1686 2751 partes,
1729 2704 1844 2751 quas
1888 2686 2111 2734 Homerus
2152 2684 2317 2748 μηρούς
2349 2686 2563 2748 appellet,

296 2763 539 2809 denotasse
564 2764 851 2809 manifestum
880 2767 968 2808 est.
1019 2763 1190 2809 Verum
1212 2766 1438 2812 enimvero
1464 2764 1585 2812 Bion
1606 2765 1828 2812 seriorum.
1858 2768 2104 2825 temporum
2137 2769 2275 2825 poeta
2304 2764 2405 2823 fuit,
2436 2764 2563 2810 cuius

298 2839 472 2884 dicendi
497 2839 654 2883 modus
679 2839 795 2885 nihil
816 2840 876 2884 ad
906 2839 1149 2884 Homerum
1176 2842 1356 2886 attinet,
1407 2841 1645 2887 Mittamus
1674 2842 1818 2903 igitur
1843 2844 1886 2885 et
1907 2838 2188 2887 Herodotum
2214 2845 2260 2888 et
2279 2838 2466 2887 Bionem
2492 2837 2564 2903 *).

426 2916 572 2972 Quum
614 2918 756 2974 igitur
802 2917 1137 2962 demonstrasse
1181 2918 1286 2963 mihi
1317 2920 1499 2975 videar,
1544 2934 1703 2963 vocem⁴
1732 2919 1869 2977 μηρία·
1907 2923 1952 2962 et
1993 2917 2121 2963 illam
2159 2919 2205 2962 in
2241 2917 2560 2963 sacrificiorum

313 3011 348 3048 *J
373 3016 409 3045 et
434 3015 585 3052 ceteros,
609 3012 669 3058 qui
693 3012 852 3046 eiusdem
872 3012 1015 3058 generis»
1035 3011 1172 3057 aliquot
1194 3019 1283 3047 sunt.
