2834 3402
279 318 363 367 que
405 285 553 349 locum
597 301 820 358 defuisse,
866 300 1042 361 inquo
1085 297 1161 345 lae
1201 286 1546 360 reconderetur,
1601 297 1812 369 caseique
1853 302 2194 359 seponerentur.
2280 296 2535 346 Generatim

278 381 373 425 eius
409 377 529 423 modi
566 376 722 422 domus
764 376 874 434 fuit,
911 375 1058 437 qualis
1092 374 1325 443 cyclopem
1360 376 1509 435 decet,
1544 391 1678 439 quum
1713 375 1846 421 varia
1880 373 1938 419 ad
1968 375 2124 421 varios
2157 387 2271 420 usus
2305 372 2531 424 destinata

276 452 473 500 membra
505 452 551 497 in
583 449 638 497 ea
671 453 860 509 fuerint,
895 451 1100 512 quamvis
1129 450 1273 496 nulla·
1292 452 1554 510 conclavia,
1590 451 1745 514 quana
1778 449 1971 496 bominis
2005 450 2151 496 sedem
2189 448 2364 497 decent.

404 529 574 575 Verum
608 533 658 574 ut
687 528 966 584 omittamus,
1013 525 1254 573 Homerum
1287 528 1470 589 saepius
1505 543 1683 590 quoque
1715 525 1857 574 verbo
1896 522 2009 579 οἶκος
2038 539 2219 572 numero
2247 524 2422 587 ,plurali
2451 527 2533 588 uti,

273 607 400 652 velut
420 604 516 665 ¹Od.
552 607 629 663 24,
664 610 788 662 417„
820 603 1037 649 hactenus
1075 596 1454 652 demonstravisse
1486 604 1592 651 mibi
1623 604 1805 662 videor,
1840 604 1945 650 voci
1976 600 2083 649 huie
2115 602 2162 648 in
2193 608 2355 663 poetae
2390 606 2533 653 nostri

274 682 544 728 carminibus
577 680 838 741 generalem
869 681 959 725 vim
991 679 1311 726 subiiciendam
1345 697 1461 729 esse.
1528 682 1633 740 Qua
1664 697 1714 728 re
1749 680 1991 736 absoluta,
2025 693 2146 725 nunc
2178 676 2233 723 de
2263 694 2377 726 voce
2408 679 2535 726 οἰκίον

273 759 504 807 dicendum
539 762 623 817 est,
658 773 748 820 qua
781 757 827 803 in
859 772 909 802 re
942 754 1205 803 brevitatem
1237 759 1365 820 sequi
1394 774 1596 821 possum.
1653 756 1886 805 Neminem
1920 754 2035 803 enim
2069 757 2341 816 negaturum
2366 758 2534 818 putem,

273 851 371 884 eam
401 849 557 881 vocem
592 849 693 881 esse
726 832 1068 891 deminutivum,
1103 846 1245 895 eaque
1279 834 1531 894 significari
1561 849 1798 897 parvam
1833 833 2036 889 domum,
2069 845 2312 891 parvum
2345 831 2535 876 domici-

270 911 393 958 lium.
477 909 616 956 Multi
654 923 817 955 versus
859 910 1097 955 manifesto
1144 913 1252 955 sunt
1292 911 1576 958 testimonio:
1620 910 1767 963 veluti
1808 909 1861 956 11.
1913 911 1996 967 16,
2039 914 2138 955 259.
2184 924 2281 970 sqq.
2322 907 2532 969 legimus,

268 985 581 1050 Myrmidones
614 1000 854 1047 vesparum
885 986 1030 1031 instar
1063 1000 1087 1031 e
1121 984 1316 1040 navibus
1348 988 1639 1047 prorupisset

1051 1063 1280 1128 σφήκεσσιν
1307 1063 1485 1120 ἐοικότες
1511 1069 1717 1124 ἐξεχέοντο

718 1145 941 1200 modim,
968 1143 1041 1198 οὓς
1067 1149 1222 1198 παῖδες
1248 1145 1553 1206 ἐριδμαίνωσιν
1578 1180 1592 1191 .
1618 1181 1631 1192 .
1658 1181 1673 1192 .

478 1257 480 1259 .
996 1257 1154 1268 .....
1183 1220 1271 1282 6δῷ
1296 1223 1371 1270 §bn
1399 1223 1494 1270 οἰκί’
1516 1219 1697 1280 ἔχοντας.

194 1357 197 1360 .
270 1316 313 1359 et
344 1310 399 1359 ll.
439 1311 520 1369 12,
558 1314 651 1358 167.
686 1323 784 1371 sqq.
818 1307 914 1353 fere
949 1306 1177 1353 similiter:

715 1392 769 1436 Οἱ
797 1386 856 1446 δ’,
883 1387 990 1435 ὥστε
1017 1391 1176 1452 σφῆκες
1201 1425 1212 1435 .
1237 1426 1248 1435 .
1275 1425 1287 1436 .
1316 1425 1328 1435 .
1355 1386 1406 1452 ἠὲ
1431 1392 1629 1449 μέλισσαι

714 1470 837 1514 Οἰκία
863 1464 1123 1528 ποιήσωνται
1150 1466 1237 1527 6δῷ
1264 1467 1339 1514 ἐπι
1365 1472 1679 1532 παιπαλοέσσῃ,

715 1541 817 1593 Οὖδ’
844 1541 1147 1594 οἷπολείπουσιν
1169 1551 1304 1595 κοῖλον
1331 1543 1468 1606 δόμον.

263 1634 349 1679 Est
382 1637 531 1678 autem
564 1645 714 1691 genus
749 1630 1086 1689 domiciliorum,
1122 1631 1242 1692 quod
1274 1647 1447 1692 vespae
1480 1648 1650 1693 apesve
1684 1630 1772 1679 sibi
1804 1636 2059 1691 exstruunt,
2081 1629 2375 1686 notissimum,
2407 1623 2527 1672 unde

265 1725 323 1755 ex
357 1709 487 1766 locis,
522 1706 684 1769 qulbus
717 1712 854 1767 poeta
879 1706 1039 1753 barum
1071 1706 1367 1754 bestiolarum
1399 1707 1673 1757 habitacula
1709 1713 2048 1768 commemorat,
2082 1710 2240 1770 patere
2273 1707 2448 1767 putem,
2481 1703 2526 1746 et

262 1787 365 1831 voci
397 1786 522 1831 οἰκίον
555 1784 867 1830 deminutionis
902 1784 1129 1829 notionem
1166 1781 1417 1830 subiectam
1452 1801 1568 1844 esse,
1596 1791 1640 1831 et
1670 1781 1799 1844 δόμος
1830 1786 1944 1832 idem
1978 1783 2258 1846 significare,
2280 1779 2403 1844 quod
2431 1779 2526 1824 fere
2612 1778 2621 1789 '

262 1859 384 1921 οἶκος,
412 1864 687 1924 quapropter
716 1857 922 1921 pluribus
956 1858 1070 1905 locis
1105 1857 1165 1904 ad
1199 1874 1296 1905 eam
1325 1876 1418 1905 rem
1450 1859 1733 1922 probandam
1767 1861 2011 1908 afferendis
2046 1857 2333 1922 supersederi
2361 1859 2525 1919 potest.

392 1940 439 1984 2.
472 1939 635 1995 Πέδον,
681 1941 827 1982 terrae
872 1936 1041 1994 πεδίον,
1084 1951 1221 1997 ager,
1270 1951 1471 1998 campus.
1544 1939 1711 2001 Πέδον,
1758 1954 1874 2001 quae
1908 1953 2005 1984 vox
2035 1935 2189 1984 verbis
2231 1936 2361 1988 ποῦς,
2397 1928 2528 1984 ποδός

260 2014 446 2059 finitima
482 2018 576 2071 est,
610 2011 756 2058 solum
790 2011 1045 2073 significat,
1080 2011 1201 2073 quod
1235 2016 1305 2058 est
1339 2010 1424 2059 sub
1459 2015 1628 2062 nostris
1662 2014 1879 2078 pedibus,
1925 2014 2058 2077 idque
2094 2012 2254 2073 colligi
2286 2012 2435 2072 potest
2468 2022 2527 2052 ex

260 2090 361 2136 loco
394 2090 447 2136 11.
486 2091 570 2148 13,
604 2096 701 2135 795.
736 2104 861 2150 sqq.,
893 2103 981 2150 quo
1015 2087 1118 2134 loco
1154 2087 1458 2135 Troianorum
1494 2106 1660 2152 agmen
1695 2090 1987 2137 describiturz

707 2172 760 2215 Οἱ
789 2169 828 2214 δ’
854 2173 966 2224 ἴσαν,
994 2165 1204 2230 ἅργαλέων
1232 2165 1391 2227 ἆνέμων
1418 2166 1640 2218 <fastmot
1667 2168 1813 2234 οἷέλλῃ,

693 2246 758 2294 Ἥ
781 2244 837 2307 ῥά
865 2244 918 2294 θ’
940 2245 1028 2295 ὑπὸ
1053 2249 1229 2309 βροντῆς
1255 2245 1417 2309 πατρός
1442 2246 1545 2302 Δίός
1571 2246 1654 2296 εἶσι
1681 2252 1882 2306 πέδονδε,

707 2326 928 2384 Θεσπεσίῳ
955 2321 994 2371 δ’
1021 2323 1170 2385 ὁμάδῳ
1199 2324 1271 2372 ἁλὶ
1296 2328 1500 2385 μίσγεται.
1835 2316 1837 2318 ’

253 2420 467 2468 Procella
509 2420 698 2467 coelitus
735 2421 780 2465 in
814 2425 980 2466 terram
1024 2421 1154 2466 irruit
1194 2422 1492 2483 misceturque
1526 2423 1665 2481 mari,
1714 2428 1764 2468 ut
1796 2423 1959 2470 fluctus
1995 2427 2205 2486 ingentes
2239 2423 2525 2483 adsurgam:

256 2514 313 2542 ex
347 2512 434 2559 quo
467 2497 596 2542 πέδον
625 2512 781 2542 vocem
810 2496 865 2541 de
899 2501 1048 2541 terrae
1078 2497 1313 2559 superficie
1346 2498 1727 2559 interpretandam
1763 2515 1864 2547 esse
1900 2501 2149 2563 colligitur.
2203 2500 2340 2562 quue
2373 2500 2523 2560 ipsum

251 2571 376 2617 baud
410 2587 541 2617 secus
577 2577 646 2617 est
681 2571 765 2618 od.
806 2574 886 2631 11,
919 2579 1044 2618 598.=

779 2689 794 2701 .
818 2690 831 2702 .
859 2654 1006 2702 ἔπειτα
1027 2655 1206 2702 πέδονδε
1231 2656 1441 2702 κυλίνδετο
1466 2656 1574 2710 mag
1600 2651 1779 2720 ἆνειδής.

251 2734 542 2783 Deminutiva
573 2742 723 2784 autem
754 2753 849 2783 vox
881 2740 1027 2787 πεδίον
1054 2740 1285 2801 significat
1318 2744 1466 2786 terrae
1499 2744 1697 2801 partem,
1735 2746 1786 2787 ut
1816 2758 2004 2804 agrum,
2040 2758 2266 2805 campum,
2303 2743 2398 2788 eius
2426 2754 2523 2801 gc-

251 2813 372 2859 neris
407 2812 524 2872 alia,
557 2830 701 2876 neque
738 2819 808 2862 est
818 2848 837 2874 ,.
867 2831 946 2863 cur
978 2816 1025 2865 id
1058 2816 1269 2880 exemplis
1291 2815 1500 2879 probem,
1536 2832 1670 2880 quum
1703 2819 1838 2866 etiam
1874 2818 2121 2880 tironibus,
2158 2820 2235 2883 qui
2268 2817 2381 2865 baec
2413 2821 2523 2863 stu-

253 2886 327 2933 dia
361 2890 637 2951 attigerunt,
682 2892 919 2941 notissima
950 2910 1024 2944 res
1060 2896 1142 2957 sit,
1188 2909 1330 2960 eaque
1363 2910 1458 2946 vox
1489 2896 1755 2960 saepissime
1808 2898 1855 2945 in
1900 2896 2083 2947 Homeri
2129 2893 2400 2945 carminibus
2445 2895 2523 2940 in-

248 2965 478 3012 veniatur.
944 2976 952 2986 ⁸
