2834 3402
698 317 868 381 ’Τρέσσε
896 317 945 364 δὲ
970 311 1198 378 παπτήνας
1223 310 1294 378 ἐφ’
1317 312 1486 374 ὁμίλου,
1513 317 1625 380 θηρὶ
1650 312 1805 371 ἐοικώς.

259 419 388 470 quem
410 391 595 449 versum
628 401 845 447 continuo
865 400 1078 464 seqnitur
1109 399 1385 460 comparatio
1418 399 1579 447 Aiacis
1618 415 1717 448 cum
1759 401 1909 446 leone.
1970 401 2043 446 Ea
2084 400 2188 462 ipsa
2233 413 2291 444 ex
2331 414 2381 443 re
2412 400 2515 451 lnce

259 480 426 527 clarius
461 482 558 535 est,
601 481 781 538 poetam
810 477 999 538 primum
1027 474 1218 519 Aiacem
1252 477 1511 535 'generatim
1546 478 1698 537 ferae,
1741 472 2035 539 quaecunque
2068 481 2161 534 est,
2205 474 2391 519 similem
2424 490 2518 518 ve-

258 572 414 615 cassc,
447 558 539 600 tum
572 558 722 599 autem
756 568 813 598 ea
843 551 992 613 specie
1023 551 1245 609 ferarum,
1280 566 1396 613 quae
1430 553 1490 598 sit
1521 553 1696 616 quidem
1725 553 2036 610 validissima,
2067 567 2244 610 verum,
2280 565 2413 613 quum
2442 567 2518 597 res

257 632 323 681 ita
354 630 498 692 ferat,
543 633 694 676 tamen
727 642 757 674 a
790 642 870 691 spe
913 626 1131 674 destituta
1172 626 1313 673 tristis
1348 625 1507 689 abeat,
1548 628 1701 677 herois
1735 630 1979 692 imaginem
2013 625 2264 674 describere
2296 625 2516 673 voluisse.

256 705 459 756 Eandem
490 705 595 752 voci
618 701 717 767 θήρ
748 705 837 751 vim
872 709 916 751 et
948 705 1175 750 notionem
1208 703 1529 752 subiiciendam
1563 722 1728 753 censeo
1758 705 1814 752 11.
1852 708 1935 765 15,
1968 711 2095 752 586.=

883 820 1124 835 .......
1150 792 1258 852 θηρὶ
1283 787 1407 837 κακὰν
1433 790 1597 850 ῥέξαντι
1622 785 1787 844 ἐοικώς,

257 879 303 921 et
332 873 388 919 ss.
428 874 511 931 15,
543 875 668 917 633.:
697 872 806 931 θηρὶ
831 871 1156 929 μαχέσσασθαι,
1191 886 1459 932 quamquam
1490 871 1581 917 hoc
1611 872 1716 916 loco
1761 887 1909 916 sermo
1951 877 2020 916 cst
2063 871 2118 916 de
2162 870 2309 915 leonis
2353 872 2519 931 impetu

254 952 302 996 in
333 962 526 1010 gregem
558 951 710 1006 facto,
755 948 941 1008 eiusque
984 950 1344 1007 comparationis
1364 946 1518 993 verbis
1563 948 1765 992 'admixta
1809 954 1879 992 est
1920 946 2012 1007 θήρ
2042 964 2151 992 vox.
2225 947 2371 992 Nulla
2405 950 2518 992 enim

257 1040 424 1074 caussa
454 1032 538 1084 est,
564 1033 644 1073 cur
673 1028 916 1085 propterea
948 1024 1044 1070 cius
1074 1024 1301 1070 notionem
1323 1016 1586 1083 generalem
1621 1024 1940 1071 admittendam
1963 1040 2065 1070 esse
2090 1038 2326 1083 negemus.
2384 1021 2518 1069 Immo

254 1117 347 1150 rem
380 1117 472 1150 non
505 1104 619 1150 satis
654 1103 867 1148 accurate
898 1103 944 1145 ct
977 1099 1197 1161 exquisite
1240 1103 1466 1147 tractasse
1499 1099 1605 1147 mihi
1636 1088 1848 1147 videntur
1878 1102 1909 1147 ii
1942 1102 2236 1162 interpreteS,
2286 1100 2363 1162 qui
2397 1098 2519 1146 hisce

256 1192 315 1224 ex
346 1176 499 1225 verbis
533 1177 653 1224 effici
687 1176 864 1234 dicunt,
907 1178 959 1219 ut
979 1175 1180 1236 'saepius
1215 1174 1338 1236 apud
1369 1175 1612 1223 Homerum
1643 1191 1738 1223 vox
1768 1173 1858 1238 θήρ
1890 1176 2069 1223 leonem
2102 1176 2352 1238 significet,
2396 1173 2521 1220 haud

255 1264 387 1300 secus
421 1268 477 1299 ac
506 1251 631 1299 notio
666 1253 762 1298 eius
798 1265 828 1296 a
862 1252 1176 1297 communitate
1211 1251 1513 1312 disiungenda
1547 1255 1790 1313 angustius
1822 1253 2021 1299 valeret..

384 1328 470 1375 Hic
503 1330 698 1375 forsitan
731 1328 853 1374 dicat
882 1329 1129 1390 quispiamx
1170 1327 1240 1374 At
1272 1329 1505 1375 videamus
1541 1346 1619 1375 eos
1651 1330 1805 1388 locos,
1850 1329 2014 1391 quibus
2046 1335 2184 1390 poeta
2214 1326 2400 1373 verbum
2433 1324 2523 1385 θῆρ

254 1403 494 1467 pluraliter
527 1399 756 1467 appellat!
820 1402 987 1452 Nonne
1019 1405 1306 1452 manifestum
1338 1406 1444 1464 erit,
1487 1408 1623 1467 θῆρες
1652 1405 1766 1452 idem
1800 1407 1897 1452 fere
1927 1405 2111 1464 valere,
2151 1405 2275 1468 quod
2305 1409 2354 1450 tu
2386 1403 2524 1464 θηρία

254 1478 359 1527 vis?
422 1479 560 1527 Haud
586 1484 723 1542 puto,
757 1480 804 1527 id
838 1481 956 1527 effici
985 1495 1150 1543 posset
1186 1480 1451 1529 evolvamus
1487 1483 1600 1527 enim
1633 1481 1817 1529 Homeri
1852 1482 2068 1528 carmina.
2135 1481 2350 1541 Legimus
2385 1478 2439 1523 ΙΙ.
2474 1480 2521 1534 8,

255 1564 351 1617 47.,
385 1558 509 1604 Idam
543 1564 736 1604 montem
771 1546 914 1604 fuisse
946 1560 1109 1619 μητέρα
1135 1549 1306 1618 θηρῶν,
1343 1559 1464 1620 quod
1495 1560 1731 1620 repetitum
1764 1557 2012 1619 reperimus
2045 1559 2101 1604 ll.
2142 1561 2222 1615 14,
2257 1565 2352 1603 283.
2389 1561 2433 1600 et
2465 1553 2519 1597 ΙΙ.

261 1637 341 1694 15,
377 1642 470 1681 151.
537 1634 817 1696 Appellatur
848 1635 902 1680 11.
937 1638 1023 1693 21,
1058 1641 1155 1680 470.
1189 1633 1344 1679 Diana
1373 1631 1528 1681 πότνια
1560 1639 1734 1696 θηρῶνε
1769 1638 1901 1681 etiam
1937 1636 2134 1696 legimus
2167 1634 2250 1679 od.
2283 1636 2335 1690 5,
2366 1637 2489 1676 473.:

602 1771 606 1775 .
707 1719 867 1774 Δείδω,
893 1714 955 1780 μή
980 1713 1184 1780 θήρεσσιν
1207 1713 1317 1779 ἕλωρ
1340 1718 1414 1764 καὶ
1440 1711 1581 1779 κύρμα
1607 1718 1812 1778 γένωμαι,

252 1818 492 1875 praeterea
524 1812 609 1859 od.
645 1815 730 1872 24,
763 1820 859 1860 290.
894 1828 1018 1875 sqq.:
1054 1846 1067 1859 .
1093 1845 1106 1859 .
1138 1845 1150 1858 .
1185 1844 1197 1858 .
1231 1808 1260 1872 ἢ
1294 1812 1369 1858 ἐπὶ
1402 1812 1552 1872 χέρσου
1581 1814 1718 1872 Θηρσὶ
1755 1815 1828 1858 καὶ
1857 1807 2062 1858 οἰωνοῖσιν
2085 1812 2193 1873 ἕλωρ
2217 1807 2432 1870 γενετ’(ο.),
2463 1806 2517 1852 ΙΙ.

253 1891 340 1948 21,
375 1894 499 1936 485.:
527 1884 620 1936 κατ’
646 1886 774 1951 οὔρεα
798 1891 940 1950 θῆρας
967 1891 1166 1951 ἐναίρειν,
1207 1886 1298 1933 Od..
1333 1888 1414 1946 11,
1448 1892 1547 1932 573.
1580 1902 1703 1949 sqq„
1750 1903 1839 1951 quo
1881 1888 1984 1934 loco
2018 1886 2184 1934 Ulixes
2219 1900 2409 1931 narrans
2443 1884 2520 1927 in-

254 1965 452 2024 ducitur,
485 1980 536 2012 se
566 1967 614 2010 in
645 1964 763 2010 Orco
794 1966 964 2011 vidisse
997 1965 1206 2011 Orionem
2392 1966 2395 1968 ’

704 2060 849 2119 Θῆρας
875 2055 983 2116 ὁμοῦ
1007 2060 1193 2105 εἰλεῦντα
1216 2054 1312 2105 κατ’
1333 2053 1567 2118 &medemur
1593 2058 1796 2113 λειμῶνα,

408 2196 411 2198 -
707 2133 818 2190 Τοῦς
844 2133 971 2190 αὐιὸς
996 2137 1253 2198 κατέπεφνεν
1279 2137 1322 2183 ἐν
1349 2131 1604 2183 οἰοπόλοισιν
1630 2133 1800 2197 ὄρεσσιν.

252 2229 371 2276 Num
404 2234 607 2291 apertum
642 2246 743 2276 esse
775 2247 944 2292 neges,
982 2230 1199 2279 omnibus!
1221 2229 1292 2277 his
1327 2230 1442 2277 locis
1474 2246 1628 2277 vocem
1662 2232 1797 2290 θῆρες
1828 2229 1984 2275 valere
2018 2229 2269 2290 generatim
2302 2225 2516 2284 cuiusque

255 2306 422 2352 ordinis
458 2306 609 2365 feraS,
654 2321 800 2369 neque
831 2307 929 2353 ullo
963 2308 1095 2354 modo
1131 2308 1327 2370 cogitari
1359 2323 1496 2370 posse
1531 2306 1585 2352 de
1616 2305 1837 2369 peculiari
1879 2305 2073 2369 quadam
2106 2306 2303 2351 ferarum
2337 2297 2519 2361 specie?

254 2384 573 2445 Quemcunque
607 2383 737 2428 voles
779 2390 946 2445 poetae
989 2387 1134 2430 nostri
1174 2386 1323 2431 locum
1355 2383 1595 2445 respicias,
1640 2383 1804 2429 nullibi
1837 2384 1974 2429 aliam
2010 2385 2098 2429 nisi
2130 2380 2389 2444 generalem
2425 2392 2521 2423 no-

253 2462 416 2507 tionem
452 2465 497 2506 et
528 2462 617 2506 vim
650 2459 739 2507 sub
768 2460 960 2507 vocibus
991 2459 1082 2523 θήρ
1115 2466 1161 2507 et
1192 2464 1329 2525 θῆρες
1360 2460 1679 2507 subiiciendam
1715 2476 1820 2507 esse
1855 2462 2072 2507 invenies.

379 2536 489 2595 His,
534 2551 651 2598 quae
695 2539 927 2595 recensui,
968 2536 1208 2584 vocabulis
1254 2537 1364 2583 addi
1399 2541 1594 2598 possunt
1631 2541 1765 2591 παῖς,
1795 2539 1989 2591 παιδίον,
2026 2534 2153 2597 οἷνήρ,
2192 2532 2373 2595 ἅνδρίον,
2408 2532 2522 2578 alia.

251 2612 420 2658 Verum
464 2626 519 2658 eo
565 2612 729 2671 redeo,
773 2613 891 2660 unde
923 2614 1157 2675 profectus
1191 2628 1316 2672 sum,
1361 2627 1609 2675 quaerenS,
1658 2612 1766 2674 quid
1795 2613 1953 2660 valeat
1981 2614 2116 2675 μηρία
2147 2626 2253 2658 vox.
2329 2607 2383 2655 ld
2416 2606 2522 2653 mihi

252 2690 338 2734 iam
373 2704 464 2734 non
497 2704 635 2750 posse
678 2690 859 2736 videtur
899 2691 943 2736 in
988 2688 1316 2735 dubitationem
1356 2690 1539 2748 vocari,
1587 2704 1750 2734 nomen
1792 2688 1847 2735 τοὲ
1873 2692 2008 2752 μηρία
2043 2704 2145 2735 esse
2185 2686 2521 2737 deminutivum,

252 2766 296 2809 id
340 2765 461 2828 quod
504 2767 592 2811 iam
638 2767 841 2812 videmus
888 2768 1124 2812 censuisse·
1162 2767 1504 2826 grammaticum
1552 2766 1776 2828 quendam
1832 2768 1987 2828 Etym.
2027 2765 2120 2822 M„
2166 2764 2244 2825 qui
2282 2761 2368 2807 sub
2406 2774 2520 2804 voce

252 2843 406 2903 Μηρία
439 2843 641 2903 scripsit:
674 2841 725 2887 τό
750 2840 1062 2904 ὖποκοριστικὸν
1088 2844 1248 2904 μηρίον,
1282 2844 1318 2888 ἰ.Δ
1346 2849 1392 2888 e.'.
1421 2843 1740 2888 deminutivum
1776 2849 1846 2889 est
1876 2845 2026 2905 μηρίον
2056 2856 2236 2886 nomen.
2294 2839 2364 2883 Ex
2396 2851 2521 2881 ana-

250 2915 382 2977 logia
423 2919 576 2979 igitur·
614 2918 777 2980 colligi
816 2924 992 2981 potest,
1038 2919 1261 2982 quandam
1300 2935 1457 2965 vocem
1498 2920 1640 2982 μῆρος
1666 2925 1807 2979 csse,
1838 2936 1956 2983 quae
1989 2933 2212 2982 nusquam
2252 2918 2316 2962 ita
2349 2915 2521 2975 scripta

250 2993 509 3055 invenitur,
549 2995 764 3042 videlicet
794 3001 849 3042 ut
878 2997 938 3044 sit
969 2997 1147 3059 primae
1184 2994 1396 3060 syllabae
1437 3000 1548 3044 nota
1593 2998 1812 3060 apposita
1839 2997 2189 3059 περισπωμένως.
2258 2993 2434 3040 Verum
2464 3006 2520 3037 ea
