2834 3402
394 323 440 363 3.
481 317 542 362 Τὸ
568 324 724 372 τεῖχος,
759 317 963 359 moenia.
1005 314 1054 359 τὸ
1079 316 1250 372 τειχίον,
1292 315 1460 374 paries.
1526 312 1681 358 Alteri
1714 311 1942 358 vocaliulo
1976 314 2209 375 generalis
2250 318 2375 365 notio
2415 317 2534 366 sub-

265 395 458 449 iicienda
493 401 585 453 est,
619 392 810 440 alterum
846 393 1090 452 angustius
1123 389 1263 435 valet.
1336 394 1483 446 Τεῖχος
1514 387 1656 435 verbo
1691 390 1833 435 utitur
1859 395 2022 450 poeta,
2070 409 2203 453 quum
2238 394 2413 445 urbium
2448 410 2535 442 ca-

267 480 524 522 strorumve
566 469 833 517 munitorum
877 467 1141 514 mentionem
1180 465 1319 524 facit,
1364 463 1682 514 deminutivam
1725 481 1882 513 vocem
1912 467 2064 522 τειχίον
2106 467 2300 528 legimus
2335 470 2420 517 od,
2462 474 2533 529 16,

271 556 394 610 165.,
427 545 506 595 ubi
538 546 591 608 de
625 542 768 591 Ulixe
801 557 946 590 sermo
982 546 1074 587 este

717 624 778 673 ’Ex
805 622 844 670 δ’
869 621 998 686 ἦλθεν
1025 620 1225 685 μεγάροιο
1251 625 1390 685 παρὲκ
1414 624 1524 683 μέγα
1550 624 1702 680 τειχίον
1728 617 1872 685 αὗλῆς.

270 728 567 792 significatur
600 736 776 779 murus,
823 734 911 782 quo
947 720 1094 764 cincta
1140 723 1240 763 erat
1281 717 1471 777 cohors,
1514 719 1560 763 in
1596 702 1688 782 qua
1730 717 1973 765 alebantur
2014 732 2196 780 pecora.
2275 719 2397 768 Idem
2438 723 2532 770 fere

271 813 335 852 est
362 821 407 849 v.
444 804 557 849 343.
592 798 724 856 ibid„
758 798 887 857 isque
921 811 1074 841 murus
1108 811 1153 839 v.
1189 796 1299 840 341.
1334 795 1596 857 appellatur
1627 794 1774 857 ἕρκεα,
1809 800 1955 858 septa.

397 893 443 935 4.
488 887 711 946 Addimus
744 900 901 929 vocem
936 890 1072 941 o‘tvog,
1118 884 1326 927 triticum.
1411 882 1500 939 Qui
1544 883 1640 927 eius
1686 882 1865 944 pondus
1910 882 2153 951 diligenter
2196 886 2534 946 examinaverit,

268 964 464 1023 videbit,
497 962 600 1009 huic
629 961 734 1007 voci
769 959 988 1020 duplicem
1022 957 1268 1006 subiectam
1303 974 1405 1004 esse
1437 958 1841 1018 significationem,
1887 959 2078 1005 alteram
2110 960 2398 1018 generalem,
2447 979 2535 1023 qua

267 1045 535 1092 frumentum
570 1037 811 1100 accipitur,
845 1034 988 1082 veluti
1023 1034 1076 1082 de
1107 1033 1266 1082 Ithaca
1298 1032 1451 1081 insula
1485 1034 1642 1096 agitur
1674 1032 1759 1082 od.
1800 1035 1881 1093 13,
1917 1040 2014 1082 244.
2048 1051 2141 1095 sq.:

717 1114 777 1164 Ἐν
802 1119 877 1178 μὲν
903 1114 984 1180 γάρ
1012 1119 1052 1165 οἱ
1082 1123 1194 1173 οἲτος
1221 1113 1494 1178 ἀθέσφατος,
1520 1117 1564 1165 ἐν
1590 1118 1639 1164 δέ
1665 1135 1710 1164 τε
1739 1113 1857 1172 οἶνος

722 1197 924 1256 Γίγνεται.

271 1296 314 1335 et
349 1287 434 1332 Od.
476 1286 560 1341 17,
594 1288 692 1329 532.
725 1296 818 1341 sq.:

894 1394 1062 1405 .....
1090 1352 1264 1416 κτήματ’
1291 1353 1483 1417 α’κήρατα
1506 1352 1605 1402 κεῖτ’
1631 1359 1690 1403 ἐνὶ
1719 1361 1839 1416 οἴκῳ,

722 1444 845 1491 Σὶτος
871 1440 943 1484 καὶ
967 1437 1082 1493 μέθυ
1112 1431 1223 1495 ἦδύ.,

272 1531 461 1578 alteram
497 1540 525 1572 a
561 1521 875 1571 communitate
921 1518 1212 1574 disiunctam,
1260 1529 1350 1578 qua
1384 1515 1602 1580 intelligit
1644 1532 1808 1581 panem
1847 1522 2047 1579 coctum,
2092 1517 2138 1566 id
2171 1518 2290 1583 quod
2323 1519 2538 1583 exemplis

269 1606 465 1670 probare
506 1615 599 1646 non
634 1603 704 1644 est
739 1611 868 1657 opuS.
934 1595 1106 1639 Vocem
1153 1593 1470 1639 deminutivum
1512 1591 1561 1639 τὸ
1587 1596 1718 1640 σιτίον
1750 1596 1795 1640 in
1830 1593 2016 1641 Homeri
2058 1594 2328 1643 carminibus
2363 1596 2537 1660 quidem

268 1698 358 1729 non
392 1679 666 1740 reperimuS,
705 1688 861 1718 verum
901 1671 1100 1730 legimus
1148 1683 1244 1713 eam
1289 1670 1411 1729 apud
1454 1672 1698 1730 scriptores
1742 1676 1894 1716 aetate
1929 1673 2191 1730 inferioreS,
2237 1687 2381 1735 neque
2414 1672 2541 1718 valet

269 1755 395 1805 aliud
424 1751 683 1818 quidquam,
716 1748 805 1796 nisi
840 1745 984 1794 eibum
1016 1746 1251 1804 triticeum,
1283 1760 1461 1807 panem,
1496 1746 1675 1806 similia,
1699 1763 1758 1794 ex
1791 1764 1881 1810 quo
1914 1750 2108 1811 perspici
2139 1756 2306 1811 potest,
2339 1748 2388 1797 τὸ
2410 1752 2541 1797 σιτίον

272 1850 370 1879 esse
404 1846 561 1875 vocem
595 1826 926 1873 deminutivam.

403 1923 447 1965 5.
478 1918 589 1962 Pari
621 1913 754 1961 modo
779 1913 881 1957 voci
913 1908 963 1957 τό
992 1909 1145 1970 θηοίον
1175 1909 1246 1954 vis
1281 1906 1487 1955 subiecta
1520 1914 1592 1955 est
1625 1913 1845 1972 speciei
1877 1913 2091 1972 ferarum,
2129 1928 2421 1977 quaecunque
2458 1919 2539 1960 est.

274 1996 573 2058 Significatur
606 2007 662 2037 ea
696 2005 879 2047 cervus,
913 1994 964 2033 ut
997 1985 1203 2047 exemplo
1237 1992 1365 2044 utar,
1399 1987 1445 2031 in
1477 1988 1721 2032 venatione
1755 1994 1944 2034 necatus
1978 1988 2438 2048 0d.10,171.180.=

968 2103 1139 2115 .....
1168 2064 1286 2126 μα’λα
1313 2065 1394 2129 γαρ
1422 2070 1531 2128 μέγα
1555 2071 1708 2131 θηρίον
1735 2066 1816 2131 ἦεν.

269 2158 313 2205 ‘0
349 2155 441 2219 θήρ
472 2173 495 2201 e
528 2155 752 2201 contrario
789 2159 857 2200 est
889 2168 1055 2215 genus,
1090 2152 1244 2211 fera,
1280 2151 1327 2197 id
1363 2151 1483 2214 quod
1506 2154 1791 2215 perspicuum
1823 2159 1973 2200 estex
2001 2153 2103 2200 loco
2133 2153 2187 2200 Il.
2217 2156 2289 2213 10,
2326 2160 2419 2202 184.
2451 2170 2541 2216 sq.:

727 2246 863 2309 Θηρὸς
891 2244 1139 2301 οἷκοὺσαντες
1167 2244 1515 2309 κρατερόφρονος,
1542 2246 1590 2304 ὅς
1615 2267 1662 2295 τε
1689 2244 1792 2295 καθ’
1818 2246 1918 2309 ὕλην

710 2324 906 2387 ’Έρχηται
934 2322 989 2372 δι’
1015 2324 1176 2388 ὄρεσφι.

270 2429 313 2470 et
347 2423 401 2469 ll.
444 2424 526 2479 ll,
566 2429 683 2480 119.,
718 2437 805 2484 quo
840 2422 940 2468 loeo
978 2439 1155 2469 cervam
1190 2423 1354 2484 fugere
1386 2421 1582 2485 legimus

1031 2541 1199 2553 .....
1228 2506 1433 2566 κραταιοῦ
1458 2502 1595 2565 θηρὸς
1622 2499 1698 2565 ὑφ’
1726 2502 1870 2566 ὁρμῆς.

266 2586 355 2634 lllo
390 2602 528 2633 versu
562 2585 617 2632 ll.
656 2588 736 2645 10,
773 2593 865 2633 184.
900 2604 1027 2633 nemo
1063 2588 1121 2634 ad
1155 2605 1335 2634 versum
1375 2589 1480 2634 113.
1515 2589 1761 2649 respiciens
1797 2590 1893 2635 iure
1935 2586 2204 2644 contendat,
2255 2600 2411 2631 vocem
2455 2584 2543 2646 θήρ

268 2662 532 2724 intelligere
578 2661 752 2707 leonem
792 2662 1047 2724 singulum,
1091 2667 1217 2712 cuius
1263 2667 1471 2726 impetum
1510 2681 1649 2712 cerva
1682 2670 1894 2712 narretur
1933 2665 2112 2727 fugere.
2192 2662 2315 2707 Sane
2352 2667 2422 2707 est
2453 2661 2542 2717 leo,

271 2755 400 2803 quem
435 2740 584 2800 fugit,
621 2752 776 2784 verum
810 2745 1001 2786 vocatur
1034 2741 1146 2788 idem
1181 2740 1293 2804 θήρ,
1329 2740 1449 2805 quod
1483 2741 1683 2788 ferarum
1706 2729 1866 2803 'genus
1905 2744 1974 2786 est
2005 2733 2212 2799 κραταιόν.
2279 2737 2415 2790 Haud
2449 2736 2545 2784 ali-

270 2823 336 2860 ter
370 2831 444 2862 res
479 2831 530 2861 se
565 2813 705 2860 habet
740 2813 794 2860 11.
830 2816 884 2873 3,
919 2822 1043 2862 449.:

722 2893 933 2959 Ἀτρείδης
961 2936 969 2945 .
1000 2935 1009 2945 .
1039 2935 1049 2945 .
1077 2936 1086 2945 .
1114 2937 1123 2946 .
1153 2937 1162 2946 .
1193 2900 1361 2962 ἐφοίτα,
1391 2903 1492 2961 θηρὶ
1525 2895 1678 2950 ἐοικώς.

269 2989 310 3027 ct
345 2982 399 3028 ll.
443 2986 681 3041 11,546.:
